<?xml version="1.0" encoding="UTF-8"?>
<!DOCTYPE html PUBLIC "-//W3C//DTD XHTML 1.0 Transitional//EN"
    "http://www.w3.org/TR/xhtml1/DTD/xhtml1-transitional.dtd">
<html xmlns="http://www.w3.org/1999/xhtml" xml:lang="en" lang="en">
 <head>
  <title>
</title>
<meta http-equiv="Content-Type" content="text/html;charset=utf-8" />
  <meta name='ocr-system' content='tesseract 3.04.00' />
  <meta name='ocr-capabilities' content='ocr_page ocr_carea ocr_par ocr_line ocrx_word'/>
</head>
<body>
  <div class='ocr_page' id='page_1' title='image "./populorumetregu00neumgoog_0202.png"; bbox 0 0 5242 6509; ppageno 0'>
   <div class='ocr_carea' id='block_1_1' title="bbox 482 1298 713 1443">
    <p class='ocr_par' dir='ltr' id='par_1_1' title="bbox 482 1298 713 1443">
     <span class='ocr_line' id='line_1_1' title="bbox 482 1298 713 1353; baseline 0 -8"><span class='ocrx_word' id='word_1_1' title='bbox 482 1298 713 1353; x_wconf 47' lang='grc' dir='ltr'><strong>Ξ·-</strong></span> 
     </span>
     <span class='ocr_line' id='line_1_2' title="bbox 511 1356 697 1443; baseline 0.054 -10"><span class='ocrx_word' id='word_1_2' title='bbox 511 1356 697 1443; x_wconf 78' lang='lat' dir='ltr'><strong>Taavna</strong></span> 
     </span>
    </p>
   </div>
   <div class='ocr_carea' id='block_1_2' title="bbox 736 1104 1632 1275">
    <p class='ocr_par' dir='ltr' id='par_1_2' title="bbox 736 1104 1632 1275">
     <span class='ocr_line' id='line_1_3' title="bbox 736 1104 1632 1275; baseline 0.007 -82"><span class='ocrx_word' id='word_1_3' title='bbox 736 1104 838 1207; x_wconf 58' lang='lat' dir='ltr'><strong>affl</strong></span> <span class='ocrx_word' id='word_1_4' title='bbox 1168 1126 1632 1275; x_wconf 74' lang='lat' dir='ltr'><strong>onnuorn</strong></span> 
     </span>
    </p>
   </div>
   <div class='ocr_carea' id='block_1_3' title="bbox 728 1356 2110 1653">
    <p class='ocr_par' dir='ltr' id='par_1_3' title="bbox 728 1356 2110 1653">
     <span class='ocr_line' id='line_1_4' title="bbox 728 1356 2106 1501; baseline 0.007 -34"><span class='ocrx_word' id='word_1_5' title='bbox 728 1375 859 1501; x_wconf 83' lang='lat' dir='ltr'><strong>typis</strong></span> <span class='ocrx_word' id='word_1_6' title='bbox 889 1362 1084 1488; x_wconf 85' lang='lat' dir='ltr'><strong>eisdem,</strong></span> <span class='ocrx_word' id='word_1_7' title='bbox 1109 1372 1186 1484; x_wconf 90' lang='lat' dir='ltr'><strong>qui</strong></span> <span class='ocrx_word' id='word_1_8' title='bbox 1226 1398 1289 1493; x_wconf 82' lang='grc' dir='ltr'><strong>τῳ</strong></span> <span class='ocrx_word' id='word_1_9' title='bbox 1324 1356 1374 1489; x_wconf 67' lang='lat' dir='ltr'><em>R</em></span> <span class='ocrx_word' id='word_1_10' title='bbox 1410 1370 1625 1473; x_wconf 84' lang='lat' dir='ltr'><strong>substituit</strong></span> <span class='ocrx_word' id='word_1_11' title='bbox 1661 1373 1885 1494; x_wconf 82' lang='lat' dir='ltr'><strong>integrum</strong></span> <span class='ocrx_word' id='word_1_12' title='bbox 1918 1402 2106 1476; x_wconf 77' lang='lat' dir='ltr'><strong>noenu·</strong></span> 
     </span>
     <span class='ocr_line' id='line_1_5' title="bbox 730 1505 2110 1653; baseline 0.003 -30"><span class='ocrx_word' id='word_1_13' title='bbox 730 1554 890 1626; x_wconf 78' lang='lat' dir='ltr'><strong>aaron</strong></span> <span class='ocrx_word' id='word_1_14' title='bbox 922 1549 1099 1621; x_wconf 91' lang='lat' dir='ltr'><strong>nomen.</strong></span> <span class='ocrx_word' id='word_1_15' title='bbox 1164 1505 1253 1621; x_wconf 88' lang='lat' dir='ltr'><strong>De</strong></span> <span class='ocrx_word' id='word_1_16' title='bbox 1286 1530 1437 1651; x_wconf 90' lang='lat' dir='ltr'><strong>primo</strong></span> <span class='ocrx_word' id='word_1_17' title='bbox 1475 1531 1612 1653; x_wconf 85' lang='lat' dir='ltr'><strong>igitur</strong></span> <span class='ocrx_word' id='word_1_18' title='bbox 1648 1553 1725 1625; x_wconf 84' lang='lat' dir='ltr'><strong>res</strong></span> <span class='ocrx_word' id='word_1_19' title='bbox 1758 1521 1945 1648; x_wconf 90' lang='lat' dir='ltr'><strong>liquida.</strong></span> <span class='ocrx_word' id='word_1_20' title='bbox 2017 1527 2110 1627; x_wconf 90' lang='lat' dir='ltr'><strong>Sed</strong></span> 
     </span>
    </p>
   </div>
   <div class='ocr_carea' id='block_1_4' title="bbox 406 1670 2113 1802">
    <p class='ocr_par' dir='ltr' id='par_1_4' title="bbox 406 1670 2113 1802">
     <span class='ocr_line' id='line_1_6' title="bbox 406 1670 2113 1802; baseline 0.004 -30"><span class='ocrx_word' id='word_1_21' title='bbox 406 1690 411 1701; x_wconf 84' lang='grc'><em>’</em></span> <span class='ocrx_word' id='word_1_22' title='bbox 567 1795 569 1799; x_wconf 6' lang='lat' dir='ltr'>y</span> <span class='ocrx_word' id='word_1_23' title='bbox 728 1683 848 1773; x_wconf 90' lang='lat' dir='ltr'><strong>enim</strong></span> <span class='ocrx_word' id='word_1_24' title='bbox 876 1671 1057 1801; x_wconf 87' lang='lat' dir='ltr'>plenam</span> <span class='ocrx_word' id='word_1_25' title='bbox 1091 1672 1199 1771; x_wconf 92' lang='lat' dir='ltr'><strong>inde</strong></span> <span class='ocrx_word' id='word_1_26' title='bbox 1229 1670 1379 1774; x_wconf 88' lang='lat' dir='ltr'><strong>iucem</strong></span> <span class='ocrx_word' id='word_1_27' title='bbox 1414 1696 1616 1776; x_wconf 83' lang='lat' dir='ltr'><strong>mutuant</strong></span> <span class='ocrx_word' id='word_1_28' title='bbox 1655 1678 1719 1776; x_wconf 85' lang='lat' dir='ltr'><strong>ilii</strong></span> <span class='ocrx_word' id='word_1_29' title='bbox 1761 1676 1892 1796; x_wconf 84' lang='lat' dir='ltr'><strong>duo,</strong></span> <span class='ocrx_word' id='word_1_30' title='bbox 1927 1704 2113 1802; x_wconf 86' lang='lat' dir='ltr'><strong>quosa</strong></span> 
     </span>
    </p>
   </div>
   <div class='ocr_carea' id='block_1_5' title="bbox 732 1822 2112 2111">
    <p class='ocr_par' dir='ltr' id='par_1_5' title="bbox 732 1822 2112 2111">
     <span class='ocr_line' id='line_1_7' title="bbox 732 1822 2112 1958; baseline 0.002 -33"><span class='ocrx_word' id='word_1_31' title='bbox 732 1822 919 1925; x_wconf 80' lang='lat' dir='ltr'><strong>Khelsio</strong></span> <span class='ocrx_word' id='word_1_32' title='bbox 956 1828 1005 1916; x_wconf 70' lang='grc' dir='ltr'><strong>δι</strong></span> <span class='ocrx_word' id='word_1_33' title='bbox 1040 1824 1320 1923; x_wconf 89' lang='lat' dir='ltr'><strong>Pembrokio</strong></span> <span class='ocrx_word' id='word_1_34' title='bbox 1362 1829 1582 1958; x_wconf 80' lang='lat' dir='ltr'><strong>vulgatos</strong></span> <span class='ocrx_word' id='word_1_35' title='bbox 1603 1836 1983 1931; x_wconf 84' lang='lat' dir='ltr'><strong>memoravimus.</strong></span> <span class='ocrx_word' id='word_1_36' title='bbox 2061 1832 2112 1931; x_wconf 88' lang='lat' dir='ltr'><strong>In</strong></span> 
     </span>
     <span class='ocr_line' id='line_1_8' title="bbox 732 1972 2112 2111; baseline 0.005 -37"><span class='ocrx_word' id='word_1_37' title='bbox 732 1980 891 2103; x_wconf 88' lang='lat' dir='ltr'><strong>priore</strong></span> <span class='ocrx_word' id='word_1_38' title='bbox 918 2000 1042 2099; x_wconf 93' lang='lat' dir='ltr'><strong>pone</strong></span> <span class='ocrx_word' id='word_1_39' title='bbox 1066 1972 1204 2075; x_wconf 85' lang='lat' dir='ltr'><strong>bovis</strong></span> <span class='ocrx_word' id='word_1_40' title='bbox 1231 1999 1370 2107; x_wconf 88' lang='lat' dir='ltr'><strong>caput</strong></span> <span class='ocrx_word' id='word_1_41' title='bbox 1393 1980 1642 2109; x_wconf 78' lang='lat' dir='ltr'><strong>epigraphe</strong></span> <span class='ocrx_word' id='word_1_42' title='bbox 1662 1977 1724 2111; x_wconf 68' lang='grc' dir='ltr'><strong>β.</strong></span> <span class='ocrx_word' id='word_1_43' title='bbox 1749 2016 1791 2081; x_wconf 83' lang='lat' dir='ltr'><strong>o.</strong></span> <span class='ocrx_word' id='word_1_44' title='bbox 1810 2000 1862 2081; x_wconf 91' lang='lat' dir='ltr'><strong>ut</strong></span> <span class='ocrx_word' id='word_1_45' title='bbox 1880 1988 1925 2081; x_wconf 92' lang='lat' dir='ltr'><strong>in</strong></span> <span class='ocrx_word' id='word_1_46' title='bbox 1943 1973 2112 2081; x_wconf 84' lang='lat' dir='ltr'><strong>nostro.</strong></span> 
     </span>
    </p>
   </div>
   <div class='ocr_carea' id='block_1_6' title="bbox 718 2126 2113 2270">
    <p class='ocr_par' dir='ltr' id='par_1_6' title="bbox 718 2126 2113 2270">
     <span class='ocr_line' id='line_1_9' title="bbox 718 2126 2113 2270; baseline -0.004 -42"><span class='ocrx_word' id='word_1_47' title='bbox 718 2126 969 2257; x_wconf 85' lang='lat' dir='ltr'><strong>Posterior</strong></span> <span class='ocrx_word' id='word_1_48' title='bbox 994 2126 1183 2225; x_wconf 85' lang='lat' dir='ltr'><strong>eandem</strong></span> <span class='ocrx_word' id='word_1_49' title='bbox 1213 2130 1395 2261; x_wconf 75' lang='lat' dir='ltr'><strong>siglam,</strong></span> <span class='ocrx_word' id='word_1_50' title='bbox 1427 2138 1476 2227; x_wconf 72' lang='grc' dir='ltr'><strong>ἃ</strong></span> <span class='ocrx_word' id='word_1_51' title='bbox 1508 2132 1637 2254; x_wconf 90' lang='lat' dir='ltr'><strong>quod</strong></span> <span class='ocrx_word' id='word_1_52' title='bbox 1662 2134 1882 2270; x_wconf 79' lang='lat' dir='ltr'><strong>amplius,</strong></span> <span class='ocrx_word' id='word_1_53' title='bbox 1915 2131 2113 2223; x_wconf 81' lang='lat' dir='ltr'><strong>eundem-</strong></span> 
     </span>
    </p>
   </div>
   <div class='ocr_carea' id='block_1_7' title="bbox 728 2272 2115 2862">
    <p class='ocr_par' dir='ltr' id='par_1_7' title="bbox 728 2272 2115 2862">
     <span class='ocr_line' id='line_1_10' title="bbox 728 2272 2113 2403; baseline 0.003 -32"><span class='ocrx_word' id='word_1_54' title='bbox 728 2304 916 2401; x_wconf 89' lang='lat' dir='ltr'><strong>quoque</strong></span> <span class='ocrx_word' id='word_1_55' title='bbox 937 2294 1101 2403; x_wconf 90' lang='lat' dir='ltr'><strong>typum</strong></span> <span class='ocrx_word' id='word_1_56' title='bbox 1128 2275 1342 2395; x_wconf 80' lang='lat' dir='ltr'>exhibet,</span> <span class='ocrx_word' id='word_1_57' title='bbox 1374 2284 1576 2374; x_wconf 85' lang='lat' dir='ltr'><strong>nimirum</strong></span> <span class='ocrx_word' id='word_1_58' title='bbox 1615 2280 1818 2403; x_wconf 86' lang='lat' dir='ltr'><strong>aplustre.</strong></span> <span class='ocrx_word' id='word_1_59' title='bbox 1899 2272 1988 2374; x_wconf 82' lang='lat' dir='ltr'><strong>0b³</strong></span> <span class='ocrx_word' id='word_1_60' title='bbox 2016 2292 2113 2375; x_wconf 88' lang='lat' dir='ltr'><strong>tan·</strong></span> 
     </span>
     <span class='ocr_line' id='line_1_11' title="bbox 730 2410 2112 2553; baseline 0.001 -30"><span class='ocrx_word' id='word_1_61' title='bbox 730 2410 825 2524; x_wconf 88' lang='lat' dir='ltr'><strong>tam</strong></span> <span class='ocrx_word' id='word_1_62' title='bbox 854 2424 1135 2525; x_wconf 84' lang='lat' dir='ltr'><strong>adfinitatem</strong></span> <span class='ocrx_word' id='word_1_63' title='bbox 1160 2432 1260 2553; x_wconf 90' lang='lat' dir='ltr'><strong>quis</strong></span> <span class='ocrx_word' id='word_1_64' title='bbox 1298 2445 1438 2553; x_wconf 83' lang='lat' dir='ltr'><strong>neget</strong></span> <span class='ocrx_word' id='word_1_65' title='bbox 1466 2456 1751 2527; x_wconf 90' lang='lat' dir='ltr'><strong>communem</strong></span> <span class='ocrx_word' id='word_1_66' title='bbox 1777 2425 1849 2524; x_wconf 82' lang='lat' dir='ltr'><strong>hie</strong></span> <span class='ocrx_word' id='word_1_67' title='bbox 1874 2429 1923 2522; x_wconf 73' lang='grc' dir='ltr'><strong>δι</strong></span> <span class='ocrx_word' id='word_1_68' title='bbox 1957 2427 2112 2527; x_wconf 90' lang='lat' dir='ltr'><strong>nostro</strong></span> 
     </span>
     <span class='ocr_line' id='line_1_12' title="bbox 730 2576 2115 2709; baseline -0.001 -32"><span class='ocrx_word' id='word_1_69' title='bbox 730 2582 957 2709; x_wconf 69' lang='lat' dir='ltr'><strong>patriam?</strong></span> <span class='ocrx_word' id='word_1_70' title='bbox 1005 2578 1187 2707; x_wconf 81' lang='lat' dir='ltr'><strong>Insuper</strong></span> <span class='ocrx_word' id='word_1_71' title='bbox 1211 2576 1427 2677; x_wconf 83' lang='lat' dir='ltr'><strong>Herculis</strong></span> <span class='ocrx_word' id='word_1_72' title='bbox 1457 2582 1505 2673; x_wconf 78' lang='lat' dir='ltr'><strong>tt</strong></span> <span class='ocrx_word' id='word_1_73' title='bbox 1538 2580 1752 2704; x_wconf 82' lang='lat' dir='ltr'><strong>Neptuni</strong></span> <span class='ocrx_word' id='word_1_74' title='bbox 1778 2576 1966 2696; x_wconf 83' lang='lat' dir='ltr'><strong>vultus,</strong></span> <span class='ocrx_word' id='word_1_75' title='bbox 1995 2604 2115 2701; x_wconf 83' lang='lat' dir='ltr'><strong>qnos</strong></span> 
     </span>
     <span class='ocr_line' id='line_1_13' title="bbox 730 2728 2113 2862; baseline -0.001 -35"><span class='ocrx_word' id='word_1_76' title='bbox 730 2737 881 2848; x_wconf 79' lang='lat' dir='ltr'><strong>antica</strong></span> <span class='ocrx_word' id='word_1_77' title='bbox 908 2749 1039 2862; x_wconf 84' lang='lat' dir='ltr'><strong>parte</strong></span> <span class='ocrx_word' id='word_1_78' title='bbox 1068 2730 1416 2862; x_wconf 84' lang='lat' dir='ltr'><strong>repraesentant,</strong></span> <span class='ocrx_word' id='word_1_79' title='bbox 1448 2731 1492 2824; x_wconf 91' lang='lat' dir='ltr'><strong>in</strong></span> <span class='ocrx_word' id='word_1_80' title='bbox 1529 2728 1629 2824; x_wconf 80' lang='lat' dir='ltr'><strong>aliia</strong></span> <span class='ocrx_word' id='word_1_81' title='bbox 1660 2728 1895 2827; x_wconf 79' lang='lat' dir='ltr'><strong>manifestis</strong></span> <span class='ocrx_word' id='word_1_82' title='bbox 1927 2728 2113 2856; x_wconf 84' lang='lat' dir='ltr'><strong>corcy-</strong></span> 
     </span>
    </p>
   </div>
   <div class='ocr_carea' id='block_1_8' title="bbox 729 2877 2260 3004">
    <p class='ocr_par' dir='ltr' id='par_1_8' title="bbox 729 2877 2260 3004">
     <span class='ocr_line' id='line_1_14' title="bbox 729 2877 2260 3004; baseline 0.002 -30"><span class='ocrx_word' id='word_1_83' title='bbox 729 2908 796 2975; x_wconf 89' lang='lat' dir='ltr'><strong>rae</strong></span> <span class='ocrx_word' id='word_1_84' title='bbox 825 2890 970 2977; x_wconf 90' lang='lat' dir='ltr'><strong>numis</strong></span> <span class='ocrx_word' id='word_1_85' title='bbox 997 2885 1116 3004; x_wconf 88' lang='lat' dir='ltr'><strong>saepe</strong></span> <span class='ocrx_word' id='word_1_86' title='bbox 1158 2884 1441 3003; x_wconf 88' lang='lat' dir='ltr'><strong>conspicitur.</strong></span> <span class='ocrx_word' id='word_1_87' title='bbox 1517 2877 1652 3004; x_wconf 86' lang='lat' dir='ltr'><strong>Ergo</strong></span> <span class='ocrx_word' id='word_1_88' title='bbox 1690 2906 1836 3003; x_wconf 86' lang='lat' dir='ltr'><strong>apage</strong></span> <span class='ocrx_word' id='word_1_89' title='bbox 1872 2877 2114 2980; x_wconf 87' lang='lat' dir='ltr'><strong>Herodem</strong></span> <span class='ocrx_word' id='word_1_90' title='bbox 2255 2994 2260 2997; x_wconf 41' lang='grc'><strong>,</strong></span> 
     </span>
    </p>
   </div>
   <div class='ocr_carea' id='block_1_9' title="bbox 723 3019 2117 3453">
    <p class='ocr_par' dir='ltr' id='par_1_9' title="bbox 723 3019 2117 3453">
     <span class='ocr_line' id='line_1_15' title="bbox 723 3019 2112 3154; baseline 0.007 -36"><span class='ocrx_word' id='word_1_91' title='bbox 723 3019 953 3154; x_wconf 85' lang='lat' dir='ltr'><strong>Judaeum!</strong></span> <span class='ocrx_word' id='word_1_92' title='bbox 976 3026 1148 3147; x_wconf 78' lang='lat' dir='ltr'><strong>Apage</strong></span> <span class='ocrx_word' id='word_1_93' title='bbox 1169 3026 1358 3119; x_wconf 86' lang='lat' dir='ltr'><strong>Cretam</strong></span> <span class='ocrx_word' id='word_1_94' title='bbox 1376 3050 1478 3118; x_wconf 91' lang='lat' dir='ltr'><strong>cum</strong></span> <span class='ocrx_word' id='word_1_95' title='bbox 1502 3023 1613 3119; x_wconf 91' lang='lat' dir='ltr'><strong>urbe</strong></span> <span class='ocrx_word' id='word_1_96' title='bbox 1636 3023 1818 3119; x_wconf 87' lang='lat' dir='ltr'><strong>Phaesto</strong></span> <span class='ocrx_word' id='word_1_97' title='bbox 1832 3096 1853 3139; x_wconf 70' lang='grc'><strong>,,</strong></span> <span class='ocrx_word' id='word_1_98' title='bbox 1870 3056 1927 3124; x_wconf 91' lang='lat' dir='ltr'><strong>ac</strong></span> <span class='ocrx_word' id='word_1_99' title='bbox 1946 3047 2112 3128; x_wconf 90' lang='lat' dir='ltr'><strong>utram·</strong></span> 
     </span>
     <span class='ocr_line' id='line_1_16' title="bbox 728 3166 2117 3302; baseline 0.004 -31"><span class='ocrx_word' id='word_1_100' title='bbox 728 3202 821 3300; x_wconf 90' lang='lat' dir='ltr'><strong>que</strong></span> <span class='ocrx_word' id='word_1_101' title='bbox 855 3188 1085 3275; x_wconf 89' lang='lat' dir='ltr'><strong>monetam</strong></span> <span class='ocrx_word' id='word_1_102' title='bbox 1116 3166 1392 3294; x_wconf 85' lang='lat' dir='ltr'><strong>Corcyraeis</strong></span> <span class='ocrx_word' id='word_1_103' title='bbox 1422 3167 1584 3267; x_wconf 90' lang='lat' dir='ltr'><strong>redde!</strong></span> <span class='ocrx_word' id='word_1_104' title='bbox 1623 3200 1825 3271; x_wconf 80' lang='lat' dir='ltr'><strong>arnano</strong></span> <span class='ocrx_word' id='word_1_105' title='bbox 1858 3201 1952 3271; x_wconf 90' lang='lat' dir='ltr'><strong>non</strong></span> <span class='ocrx_word' id='word_1_106' title='bbox 1986 3186 2117 3302; x_wconf 82' lang='lat' dir='ltr'><strong>regie</strong></span> 
     </span>
     <span class='ocr_line' id='line_1_17' title="bbox 731 3314 2111 3453; baseline -0.002 -29"><span class='ocrx_word' id='word_1_107' title='bbox 731 3356 897 3429; x_wconf 89' lang='lat' dir='ltr'><strong>nomen</strong></span> <span class='ocrx_word' id='word_1_108' title='bbox 923 3328 1010 3447; x_wconf 84' lang='lat' dir='ltr'><strong>est,</strong></span> <span class='ocrx_word' id='word_1_109' title='bbox 1036 3323 1114 3425; x_wconf 87' lang='lat' dir='ltr'><strong>sed</strong></span> <span class='ocrx_word' id='word_1_110' title='bbox 1141 3321 1447 3453; x_wconf 56' lang='lat' dir='ltr'><strong>magistratum</strong></span> <span class='ocrx_word' id='word_1_111' title='bbox 1478 3348 1681 3453; x_wconf 85' lang='lat' dir='ltr'><strong>quornm</strong></span> <span class='ocrx_word' id='word_1_112' title='bbox 1699 3314 1909 3448; x_wconf 85' lang='lat' dir='ltr'><strong>frequens</strong></span> <span class='ocrx_word' id='word_1_113' title='bbox 1932 3331 2111 3423; x_wconf 88' lang='lat' dir='ltr'><strong>mentio</strong></span> 
     </span>
    </p>
   </div>
   <div class='ocr_carea' id='block_1_10' title="bbox 591 3466 1281 3597">
    <p class='ocr_par' dir='ltr' id='par_1_10' title="bbox 591 3466 1281 3597">
     <span class='ocr_line' id='line_1_18' title="bbox 591 3466 1281 3597; baseline -0.006 -25"><span class='ocrx_word' id='word_1_114' title='bbox 591 3466 593 3471; x_wconf 63' lang='grc'><strong>’</strong></span> <span class='ocrx_word' id='word_1_115' title='bbox 729 3481 774 3571; x_wconf 90' lang='lat' dir='ltr'><strong>in</strong></span> <span class='ocrx_word' id='word_1_116' title='bbox 801 3502 959 3570; x_wconf 87' lang='lat' dir='ltr'><strong>eorum</strong></span> <span class='ocrx_word' id='word_1_117' title='bbox 984 3478 1184 3597; x_wconf 81' lang='lat' dir='ltr'><strong>pecunia·</strong></span> <span class='ocrx_word' id='word_1_118' title='bbox 1279 3508 1281 3515; x_wconf 65' lang='grc'>’</span> 
     </span>
    </p>
   </div>
   <div class='ocr_carea' id='block_1_11' title="bbox 734 3766 2254 4059">
    <p class='ocr_par' dir='ltr' id='par_1_11' title="bbox 734 3766 2254 4059">
     <span class='ocr_line' id='line_1_19' title="bbox 750 3766 2119 3915; baseline 0.006 -43"><span class='ocrx_word' id='word_1_119' title='bbox 750 3830 755 3837; x_wconf 94' lang='grc'><strong>-</strong></span> <span class='ocrx_word' id='word_1_120' title='bbox 884 3766 991 3915; x_wconf 91' lang='lat' dir='ltr'><strong>Qui</strong></span> <span class='ocrx_word' id='word_1_121' title='bbox 1011 3774 1175 3875; x_wconf 89' lang='lat' dir='ltr'><strong>restant</strong></span> <span class='ocrx_word' id='word_1_122' title='bbox 1197 3780 1340 3875; x_wconf 87' lang='lat' dir='ltr'><strong>ceteri</strong></span> <span class='ocrx_word' id='word_1_123' title='bbox 1361 3782 1503 3900; x_wconf 87' lang='lat' dir='ltr'><strong>numi,</strong></span> <span class='ocrx_word' id='word_1_124' title='bbox 1528 3774 1623 3880; x_wconf 86' lang='lat' dir='ltr'><strong>fere</strong></span> <span class='ocrx_word' id='word_1_125' title='bbox 1646 3779 1847 3879; x_wconf 83' lang='lat' dir='ltr'><strong>velatam</strong></span> <span class='ocrx_word' id='word_1_126' title='bbox 1871 3778 2119 3896; x_wconf 70' lang='lat' dir='ltr'><strong>Cererem</strong></span> 
     </span>
     <span class='ocr_line' id='line_1_20' title="bbox 734 3925 2254 4059; baseline -0.006 -26"><span class='ocrx_word' id='word_1_127' title='bbox 734 3946 813 4033; x_wconf 85' lang='lat' dir='ltr'><strong>aut</strong></span> <span class='ocrx_word' id='word_1_128' title='bbox 855 3930 1120 4059; x_wconf 87' lang='lat' dir='ltr'><strong>Neptunum</strong></span> <span class='ocrx_word' id='word_1_129' title='bbox 1152 3925 1384 4049; x_wconf 80' lang='lat' dir='ltr'><strong>offerunt,</strong></span> <span class='ocrx_word' id='word_1_130' title='bbox 1427 3960 1484 4031; x_wconf 90' lang='lat' dir='ltr'><strong>ac</strong></span> <span class='ocrx_word' id='word_1_131' title='bbox 1525 3938 1571 4031; x_wconf 91' lang='lat' dir='ltr'><strong>in</strong></span> <span class='ocrx_word' id='word_1_132' title='bbox 1608 3932 1771 4029; x_wconf 87' lang='lat' dir='ltr'><strong>aversa</strong></span> <span class='ocrx_word' id='word_1_133' title='bbox 1805 3930 1946 4031; x_wconf 81' lang='lat' dir='ltr'><strong>bovis</strong></span> <span class='ocrx_word' id='word_1_134' title='bbox 1976 3945 2122 4058; x_wconf 82' lang='lat' dir='ltr'><strong>caput.</strong></span> <span class='ocrx_word' id='word_1_135' title='bbox 2249 4038 2254 4043; x_wconf 47' lang='grc'><strong>,</strong></span> 
     </span>
    </p>
   </div>
   <div class='ocr_carea' id='block_1_12' title="bbox 628 4070 2256 4207">
    <p class='ocr_par' dir='ltr' id='par_1_12' title="bbox 628 4070 2256 4207">
     <span class='ocr_line' id='line_1_21' title="bbox 628 4070 2256 4207; baseline -0.013 -18"><span class='ocrx_word' id='word_1_136' title='bbox 628 4134 638 4145; x_wconf 89' lang='grc'>·</span> <span class='ocrx_word' id='word_1_137' title='bbox 701 4138 706 4147; x_wconf 87' lang='grc'><em>·</em></span> <span class='ocrx_word' id='word_1_138' title='bbox 732 4085 975 4185; x_wconf 80' lang='lat' dir='ltr'><strong>obversum</strong></span> <span class='ocrx_word' id='word_1_139' title='bbox 1003 4112 1105 4180; x_wconf 83' lang='lat' dir='ltr'><strong>cunr</strong></span> <span class='ocrx_word' id='word_1_140' title='bbox 1131 4081 1273 4181; x_wconf 87' lang='lat' dir='ltr'><strong>literis</strong></span> <span class='ocrx_word' id='word_1_141' title='bbox 1302 4118 1398 4205; x_wconf 64' lang='lat' dir='ltr'><strong>ao,</strong></span> <span class='ocrx_word' id='word_1_142' title='bbox 1422 4083 1508 4183; x_wconf 85' lang='lat' dir='ltr'><strong>vel</strong></span> <span class='ocrx_word' id='word_1_143' title='bbox 1533 4102 1642 4183; x_wconf 88' lang='lat' dir='ltr'><strong>nota</strong></span> <span class='ocrx_word' id='word_1_144' title='bbox 1666 4070 1748 4203; x_wconf 64' lang='grc' dir='ltr'><strong>Ιέ,</strong></span> <span class='ocrx_word' id='word_1_145' title='bbox 1771 4080 1950 4206; x_wconf 79' lang='lat' dir='ltr'><strong>adjettis</strong></span> <span class='ocrx_word' id='word_1_146' title='bbox 1972 4108 2119 4207; x_wconf 90' lang='lat' dir='ltr'><strong>porro</strong></span> <span class='ocrx_word' id='word_1_147' title='bbox 2145 4075 2167 4087; x_wconf 83' lang='grc'>”</span> <span class='ocrx_word' id='word_1_148' title='bbox 2210 4100 2256 4134; x_wconf 69' lang='grc'><strong>’·«</strong></span> 
     </span>
    </p>
   </div>
   <div class='ocr_carea' id='block_1_13' title="bbox 731 4227 2153 4807">
    <p class='ocr_par' dir='ltr' id='par_1_13' title="bbox 731 4227 2153 4807">
     <span class='ocr_line' id='line_1_22' title="bbox 736 4227 2153 4352; baseline 0.003 -28"><span class='ocrx_word' id='word_1_149' title='bbox 736 4235 875 4324; x_wconf 88' lang='lat' dir='ltr'><strong>variis</strong></span> <span class='ocrx_word' id='word_1_150' title='bbox 917 4234 1122 4329; x_wconf 86' lang='lat' dir='ltr'><strong>solitariis</strong></span> <span class='ocrx_word' id='word_1_151' title='bbox 1158 4231 1487 4328; x_wconf 81' lang='lat' dir='ltr'><strong>charatteribus</strong></span> <span class='ocrx_word' id='word_1_152' title='bbox 1532 4234 1612 4327; x_wconf 89' lang='lat' dir='ltr'><strong>vel</strong></span> <span class='ocrx_word' id='word_1_153' title='bbox 1637 4232 1845 4352; x_wconf 73' lang='lat' dir='ltr'><strong>syllabiS,</strong></span> <span class='ocrx_word' id='word_1_154' title='bbox 1879 4227 2117 4328; x_wconf 87' lang='lat' dir='ltr'><strong>initialibus</strong></span> <span class='ocrx_word' id='word_1_155' title='bbox 2150 4244 2153 4249; x_wconf 80' lang='grc'><strong>’</strong></span> 
     </span>
     <span class='ocr_line' id='line_1_23' title="bbox 735 4371 2112 4506; baseline -0.001 -25"><span class='ocrx_word' id='word_1_156' title='bbox 735 4377 860 4481; x_wconf 85' lang='lat' dir='ltr'><strong>forte</strong></span> <span class='ocrx_word' id='word_1_157' title='bbox 888 4376 1243 4500; x_wconf 82' lang='lat' dir='ltr'><strong>magistratuum·</strong></span> <span class='ocrx_word' id='word_1_158' title='bbox 1283 4380 1428 4477; x_wconf 78' lang='lat' dir='ltr'><strong>Hon-</strong></span> <span class='ocrx_word' id='word_1_159' title='bbox 1462 4383 1563 4505; x_wconf 91' lang='lat' dir='ltr'><strong>pari</strong></span> <span class='ocrx_word' id='word_1_160' title='bbox 1595 4371 1829 4475; x_wconf 85' lang='lat' dir='ltr'><strong>celeritate</strong></span> <span class='ocrx_word' id='word_1_161' title='bbox 1858 4377 2112 4506; x_wconf 76' lang='lat' dir='ltr'><strong>expediam.</strong></span> 
     </span>
     <span class='ocr_line' id='line_1_24' title="bbox 735 4525 2120 4663; baseline 0.001 -36"><span class='ocrx_word' id='word_1_162' title='bbox 735 4528 943 4657; x_wconf 90' lang='lat' dir='ltr'><strong>Neptuni</strong></span> <span class='ocrx_word' id='word_1_163' title='bbox 964 4525 1243 4647; x_wconf 87' lang='lat' dir='ltr'><strong>Cererisque</strong></span> <span class='ocrx_word' id='word_1_164' title='bbox 1272 4529 1442 4627; x_wconf 82' lang='lat' dir='ltr'><strong>velatae</strong></span> <span class='ocrx_word' id='word_1_165' title='bbox 1472 4548 1721 4658; x_wconf 88' lang='lat' dir='ltr'><strong>protomen</strong></span> <span class='ocrx_word' id='word_1_166' title='bbox 1753 4527 1895 4628; x_wconf 90' lang='lat' dir='ltr'><strong>modo</strong></span> <span class='ocrx_word' id='word_1_167' title='bbox 1923 4529 2120 4663; x_wconf 84' lang='lat' dir='ltr'><strong>vidimus</strong></span> 
     </span>
     <span class='ocr_line' id='line_1_25' title="bbox 731 4673 2147 4807; baseline -0.001 -24"><span class='ocrx_word' id='word_1_168' title='bbox 731 4691 780 4783; x_wconf 92' lang='lat' dir='ltr'><strong>in</strong></span> <span class='ocrx_word' id='word_1_169' title='bbox 805 4676 980 4781; x_wconf 86' lang='lat' dir='ltr'><strong>duabus</strong></span> <span class='ocrx_word' id='word_1_170' title='bbox 999 4679 1138 4776; x_wconf 83' lang='lat' dir='ltr'><strong>certia</strong></span> <span class='ocrx_word' id='word_1_171' title='bbox 1161 4673 1406 4780; x_wconf 74' lang='lat' dir='ltr'><strong>Phaeacum</strong></span> <span class='ocrx_word' id='word_1_172' title='bbox 1423 4686 1630 4781; x_wconf 79' lang='lat' dir='ltr'><strong>monetis.</strong></span> <span class='ocrx_word' id='word_1_173' title='bbox 1699 4685 1875 4783; x_wconf 87' lang='lat' dir='ltr'><strong>Literae</strong></span> <span class='ocrx_word' id='word_1_174' title='bbox 1894 4710 1994 4798; x_wconf 77' lang='lat' dir='ltr'><strong>no,</strong></span> <span class='ocrx_word' id='word_1_175' title='bbox 2020 4690 2119 4807; x_wconf 69' lang='lat' dir='ltr'><strong>noe«</strong></span> <span class='ocrx_word' id='word_1_176' title='bbox 2142 4705 2147 4713; x_wconf 84' lang='lat'>·</span> 
     </span>
    </p>
   </div>
   <div class='ocr_carea' id='block_1_14' title="bbox 482 4779 2114 4987">
    <p class='ocr_par' dir='ltr' id='par_1_14' title="bbox 482 4779 2114 4987">
     <span class='ocr_line' id='line_1_26' title="bbox 482 4779 2114 4987; baseline 0.006 -64"><span class='ocrx_word' id='word_1_177' title='bbox 482 4779 488 4790; x_wconf 83' lang='grc'><em>’</em></span> <span class='ocrx_word' id='word_1_178' title='bbox 594 4956 599 4962; x_wconf 28' lang='grc'><strong>,</strong></span> <span class='ocrx_word' id='word_1_179' title='bbox 736 4854 907 4955; x_wconf 57' lang='lat' dir='ltr'><strong>ogau</strong></span> <span class='ocrx_word' id='word_1_180' title='bbox 933 4826 1616 4987; x_wconf 52' lang='lat' dir='ltr'><strong>praenuntiatarum</strong></span> <span class='ocrx_word' id='word_1_181' title='bbox 1637 4832 1760 4940; x_wconf 75' lang='lat' dir='ltr'><strong>nune</strong></span> <span class='ocrx_word' id='word_1_182' title='bbox 1779 4838 1947 4953; x_wconf 74' lang='lat' dir='ltr'><strong>numa,</strong></span> <span class='ocrx_word' id='word_1_183' title='bbox 1969 4833 2114 4957; x_wconf 66' lang='lat' dir='ltr'><strong>cupa</strong></span> 
     </span>
    </p>
   </div>
   <div class='ocr_carea' id='block_1_15' title="bbox 1942 5010 2040 5087">
    <p class='ocr_par' dir='ltr' id='par_1_15' title="bbox 1942 5010 2040 5087">
     <span class='ocr_line' id='line_1_27' title="bbox 1942 5010 2040 5087; baseline -0.041 0"><span class='ocrx_word' id='word_1_184' title='bbox 1942 5010 2040 5087; x_wconf 69' lang='lat' dir='ltr'><strong>mo</strong></span> 
     </span>
    </p>
   </div>
   <div class='ocr_carea' id='block_1_16' title="bbox 0 0 2642 6500">
    <p class='ocr_par' dir='ltr' id='par_1_16' title="bbox 0 0 2642 6500">
     <span class='ocr_line' id='line_1_28' title="bbox 0 0 2642 6500; baseline 0 0"><span class='ocrx_word' id='word_1_185' title='bbox 0 0 2642 6500; x_wconf 95' lang='lat' dir='ltr'><strong> </strong></span> 
     </span>
    </p>
   </div>
  </div>
 </body>
</html>
