5242 6509
921 1095 1455 1172 numerurm
1814 1081 1917 1200 &5

534 1278 714 1474 pinguis
743 1342 903 1471 ingenii
930 1356 1249 1464 monumenta,
1274 1339 1393 1442 unde
1429 1333 1535 1440 nihil
1567 1333 1802 1442 didiceris!
1841 1332 1919 1432 Se
1944 1275 2181 1410 ff?

534 1524 679 1622 quens
710 1512 862 1596 tamen
900 1524 1057 1600 numus
1092 1496 1333 1602 illiteratus
1367 1501 1626 1626 neutiquam
1665 1507 1768 1594 erat
1802 1485 1918 1590 diffi-

531 1649 783 1760 mulandus.
2009 1655 2016 1666 ’

1067 1909 1295 1996 ,ἥ-

1100 2024 1351 2090 utut

680 2201 912 2301 Protome
947 2206 1203 2348 incognita,
1233 2218 1357 2330 pone
1387 2225 1524 2328 quarn
1554 2148 1802 2362 arbusculae
1835 2227 1915 2329 ge·
1972 2213 2021 2289 Ν.
2056 2222 2176 2302 ιι·
2276 2327 2281 2336 ¹

289 2493 293 2502 ι
530 2377 623 2452 nus.
662 2349 718 2483 h(
755 2353 881 2453 Avis
908 2348 1024 2453 facie
1055 2353 1258 2500 humana.

682 2649 881 2794 Similem
913 2559 1133 2780 poffedit
1120 2647 1402 2750 Pellerinius
1436 2646 1484 2783 i)
1522 2675 1625 2748 cum
1651 2649 1911 2808 inscriptio·

526 2831 585 2899 ne
617 2829 825 2918 anemo,
859 2798 1125 2932 quaduttus
1150 2799 1236 2892 Vir
1270 2798 1489 2916 summus,
1516 2805 1673 2924 reique
1698 2804 1912 2896 numanae
2029 2868 2045 2928 ·.

527 2953 723 3066 Parem,
747 2937 857 3046 'eam
892 2933 1121 3042 monetam
1152 2945 1333 3042 Phariae
1361 2952 1438 3046 seu
1469 2949 1655 3066 Pharo,
1684 2948 1915 3047 Adriatici

527 3105 665 3198 maris
689 3097 862 3214 insulae,
896 3094 1064 3194 tribuit
1142 3099 1317 3197 Verum
1356 3099 1451 3196 hoc
1479 3097 1703 3230 privanda
1730 3096 1911 3200 honore

525 3253 612 3370 est,
647 3251 973 3374 certissimeque
996 3279 1047 3346 re
1031 3251 1273 3374 jicienda
1262 3261 1308 3348 ιι
1328 3208 1507 3346 claffem
1540 3250 1746 3348 barbarae
1772 3281 1911 3380 pecu-

523 3410 640 3522 niae,
663 3405 724 3505 de
747 3435 836 3529 qua
860 3433 977 3500 mox
997 3407 1182 3530 egimus.
1263 3399 1403 3536 Quod
1426 3417 1573 3530 typos
1596 3403 1789 3522 attinet,
1815 3399 1910 3500 Te·

522 3560 767 3654 rentianum
809 3553 919 3654 illud
951 3561 1071 3656 rethe
1099 3557 1396 3680 pronunties:
1442 3629 1470 3675 „
1495 3558 1668 3654 incerta
1697 3549 1908 3672 haec,st

520 3725 571 3806 tu
596 3708 795 3838 postules
825 3715 1006 3812 ratione
1050 3725 1179 3807 certa
1216 3704 1406 3830 facere,
1452 3705 1592 3809 nihilo
1630 3703 1737 3834 plus
1770 3733 1907 3833 agae,

522 3887 659 3980 quam
684 3863 816 3960 fides
850 3893 1068 3992 operam,
1098 3879 1148 3958 ut
1186 3891 1288 3962 cum
1327 3867 1506 3961 ratione
1544 3859 1744 3959 insanias.
1759 3933 1791 3979 „
1822 3863 1914 3960 De.

521 4007 723 4106 monstro
759 4035 956 4138 pennato
996 4011 1188 4111 multum
1223 4013 1302 4112 fibi
1338 4007 1659 4142 complacuiffe
1687 4007 1903 4110 videntur

517 4166 755 4258 monetarii
790 4157 997 4290 barban‘3
1023 4189 1126 4262 nam
1160 4160 1275 4262 istud
1310 4163 1473 4294 saepius
1509 4157 1825 4292 deprehendas
1853 4169 1902 4266 in

517 4309 637 4412 hisce
673 4317 828 4414 numis·
883 4315 1104 4453 Quidam
1137 4345 1200 4438 τῳ
1228 4350 1414 4416 anemo
1440 4317 1702 4418 substituunt
1730 4343 1900 4416 nomen

368 4486 372 4493 ·
520 4492 685 4563 armo.
724 4497 824 4568 ιιιιι.
856 4468 1113 4598 cujusmodi
1141 4468 1296 4602 plures
1325 4469 1458 4600 vidi,
1488 4475 1539 4571 dr
1571 4465 1727 4572 habuit
1759 4477 1899 4572 etiam

572 4951 604 5056 t)
632 4959 726 5056 Rec.
750 4982 791 5046 ι.
812 4981 882 5043 ιιι.
903 4965 952 5062 pi.
970 4983 1077 5048 carr.

1174 5114 1223 5216 Τ
