5242 6509
901 1111 1450 1198 numerurm
1761 1078 1871 1212 fij

509 1364 657 1460 einum
677 1355 939 1489 Apolloniae
963 1359 1302 1493 Nymphaeum,
1328 1361 1401 1462 seu
1416 1354 1586 1460 collem
1609 1363 1736 1484 ignes
1757 1355 1875 1484 spat·
1897 1295 2132 1430 ᾗ

511 1531 718 1640 gentem,
767 1513 992 1640 quadrato
1023 1546 1072 1612 e.
1088 1513 1255 1636 formis·
1276 1515 1468 1612 exstanti
1504 1511 1702 1608 includit
1740 1505 1788 1624 o)
1822 1505 1879 1605 ld
1960 1467 2079 1664 N¹V2

510 1668 776 1794 quadratum
810 1670 962 1796 nequit
997 1668 1132 1768 alium
1170 1665 1339 1766 habere
1372 1662 1571 1781 sensum,
1616 1691 1674 1762 ao
1714 1657 1882 1758 habent

510 1836 587 1919 tot
615 1819 701 1918 alia
729 1827 775 1918 in
807 1822 930 1922 mille
959 1824 1113 1920 numia.
1148 1915 1152 1926 ,
1194 1811 1319 1956 Quis
1337 1819 1456 1914 intra
1483 1808 1732 1934 regolarem
1755 1808 1885 1909 Alci·

513 1976 592 2066 noi
616 1969 905 2072 monticuldm
927 1969 1042 2072 ferat
1070 1965 1384 2098 ignivomum?
1423 1967 1523 2066 Aut
1543 1969 1644 2087 quis
1669 1960 1886 2062 artificem*¹

515 2133 611 2216 tam
637 2126 839 2247 ineptum
857 2122 941 2224 srbi
958 2119 1252 2252 persuadeat,
1279 2122 1359 2244 qui
1381 2114 1499 2218 hunc
1521 2111 1588 2211 illi
1607 2115 1891 2240 imposuerit?

670 2437 784 2540 Urit
818 2439 929 2540 alius
951 2465 1098 2571 porra
1127 2465 1283 2540 numus
1317 2468 1345 2539 a
1377 2432 1622 2538 Pellerinio
1652 2432 1895 2564 vulgatus,

520 2598 571 2720 ρ)
611 2593 896 2718 pervetustus
937 2621 992 2692 ac
1031 2590 1400 2722 anepigraphus,
1445 2617 1581 2714 quem
1612 2585 1721 2688 nihil
1757 2583 1900 2686 refert

520 2739 710 2839 adrem
748 2747 1046 2869 praesentem,
1085 2746 1161 2835 seu
1195 2738 1537 2864 Dyrrhachium
1575 2763 1796 2853 revoceS,
1824 2737 1900 2834 seu

518 2892 677 3014 potius
702 2887 998 3014 Apolloniam
1037 2885 1369 3010 Corcyramue
1408 2887 1473 2984 ob
1510 2915 1669 2985 vaccae
1701 2886 1826 2982 satum
1854 2889 1900 2982 in

521 3034 860 3162 Dyrrhachena
887 3041 1076 3163 pecunia
1102 3034 1371 3164 plerumque
1394 3041 1680 3137 contrarium.
1728 3033 1781 3133 In
1808 3038 1917 3166 ejus«

521 3188 646 3284 numi
661 3175 833 3284 ¹aversa
862 3186 1057 3316 signum,
1092 3185 1223 3314 quod
1256 3187 1367 3286 alias
1396 3186 1665 3314 quadratum
1700 3187 1792 3305 est,
1824 3217 1902 3286 ro·

520 3335 710 3435 eundum
737 3341 965 3458 cernitur,
1003 3341 1212 3462 astroque
1241 3337 1515 3434 suniliimum.
1589 3339 1703 3434 Hoc
1729 3364 1813 3463 per
1822 3337 1850 3464 J
1885 3393 1902 3414 ·

524 3489 667 3587 uem!
705 3491 829 3587 nullo
862 3498 993 3621 patio
1030 3515 1133 3588 cum
1167 3488 1398 3619 praeteusrs
1437 3487 1585 3587 hortis
1625 3514 1903 3616 componas;

523 3667 631 3740 nam
661 3644 709 3738 δι
735 3641 983 3770 longillrme
1010 3641 1069 3742 ab
1099 3672 1258 3740 eorum
1282 3639 1429 3742 forma
1456 3645 1712 3768 Homerica
1739 3638 1903 3739 discre-

528 3809 632 3919 pat,
679 3821 765 3893 nec
799 3795 978 3898 aliunde
1013 3792 1197 3898 videtur
1229 3814 1410 3915 ortum,
1441 3824 1575 3919 quam
1606 3826 1671 3896 ex
1711 3791 1901 3892 arbitrio

442 3997 448 4008 ·
531 3949 917 4064 monetariorum,
951 3941 1146 4071 quorum
1174 3951 1360 4064 varios,
1410 3973 1494 4044 nec
1527 3945 1751 4042 dilhmiles
1781 3949 1903 4067 inge·

390 4201 392 4205 ,
531 4092 591 4184 nii
620 4089 738 4186 lusus
761 4099 977 4190 accurate
1004 4094 1193 4222 collegit
1218 4092 1482 4191 dotiiilrmus
1510 4090 1903 4218 Barthelemyus,

529 4243 734 4365 artisque
768 4245 1031 4340 monetariae
1071 4243 1335 4374 primordiis
1370 4244 1637 4345 tribuendos
1685 4245 1905 4374 praeclare

532 4387 716 4511 docuit,
735 4399 796 4491 ·&
828 4412 981 4496 tamen
1008 4391 1245 4526 praefatum
1273 4397 1440 4524 ugrum
1476 4399 1693 4500 valorem
1715 4398 1906 4521 quadra·
1938 4513 1944 4520 ,

535 4540 572 4632 ti
604 4569 847 4666 exaequare
886 4547 1103 4671 videtur,
1140 4554 1263 4680 cujus
1304 4551 1457 4652 locum
1492 4569 1629 4652 tenet.
1703 4549 1750 4645 Si
1785 4553 1905 4648 'vero

468 4833 472 4840 Ι
536 4687 665 4838 idem
688 4702 864 4824 utrique
896 4700 1056 4824 valor,
1088 4713 1235 4806 neutri
1270 4732 1509 4805 commune
1534 4699 1777 4825 quidquam
1804 4727 1907 4802 cum

749 4873 759 4884 ’
1094 4859 1134 4950 Ρ
1180 4882 1207 4978 3
1724 4849 1833 4950 hor·

593 5108 637 5213 o)
665 5115 710 5194 L.
729 5133 763 5202 c.
780 5115 871 5196 Τὼ.
890 5141 955 5208 vr.
976 5145 1011 5208 n.
1036 5143 1101 5223 19,
1153 5119 1206 5230 p)
1236 5105 1331 5204 Rec‘.
1352 5137 1396 5205 τ.
1413 5147 1444 5204 1.
1463 5129 1511 5229 pl.
1526 5111 1594 5208 xl·⁸
1607 5152 1638 5205 u·
1658 5136 1696 5217 8·
