5242 6509
469 1298 703 1401 'r‘l‘a‘v'if

551 1440 638 1519 vll.

508 1554 562 1637 N.
596 1574 636 1636 2.

730 1076 887 1170 aw'
1168 1088 1626 1163 cnaacra

724 1360 782 1432 ne
819 1346 1063 1460 peccante,
1100 1326 1284 1431 forsitan
1318 1328 1445 1454 quod
1480 1356 1636 1431 numus
1665 1358 1755 1431 non
1791 1310 1896 1430 satis
1924 1338 2098 1461 integer

724 1502 834 1586 erat.
911 1481 1115 1604 Sertum,
1147 1464 1277 1610 quod
1305 1486 1442 1584 Mars
1462 1484 1660 1606 sustinet,
1683 1492 1731 1583 du
1749 1488 2012 1613 serpentem,
2021 1492 2099 1610 qui

716 1658 820 1737 cum
841 1642 1002 1735 nodua
1029 1637 1208 1765 vigilias
1233 1642 1279 1732 in
1317 1662 1458 1764 prora
1490 1644 1615 1766 agit,
1657 1644 1844 1737 omnino
1860 1690 1863 1695 -
1879 1637 2099 1738 desidera·

714 1790 853 1893 bisin
878 1790 1099 1889 Oudineti
1117 1781 1381 1917 exemplari
1462 1789 1704 1913 Occurrit,
1729 1790 1988 1891 Pausaniam
2008 1808 2098 1889 tra·

713 1945 825 2044 dere
852 1939 1013 2039 subeo
1047 1942 1279 2073 serpente,
1314 1945 1393 2067 qui
1420 1942 1479 2041 ad
1516 1946 1749 2044 Minervae
1773 1949 1817 2043 in
1847 1942 2100 2051 Partheno·

716 2118 773 2195 ne
796 2096 981 2193 statuam
993 2094 1202 2218 Jacebat,
1227 2094 1491 2197 delitescere
1510 2094 1854 2237 Erichtonium,
1872 2098 1961 2197 hac
1978 2126 2101 2195 nem·

719 2274 781 2379 pe
804 2248 951 2374 specie
983 2244 1220 2345 educatum
1247 2245 1392 2341 adea.
1473 2250 1519 2343 Si
1542 2256 1607 2344 ita
1638 2251 1738 2363 eli,
1770 2251 1907 2373 possis
1933 2240 2099 2341 Erich-

720 2401 892 2495 tonlum
918 2402 1088 2495 &eum
1110 2398 1361 2526 serpentem
1384 2397 1664 2518 existimare,
1681 2402 1768 2524 qui
1785 2402 1928 2497 toties
1951 2393 2101 2496 Athe·

543 2622 546 2627 a
718 2547 923 2649 nlensrum
952 2555 997 2648 in
1025 2578 1117 2650 aere
1148 2568 1254 2649 ante
1287 2544 1431 2677 pedes
1466 2550 1701 2649 Minervae
1728 2568 1891 2678 reptat.
1966 2549 2100 2647 Alias

715 2700 971 2835 prudentiae
991 2702 1253 2833 symbolum
1278 2706 1577 2801 communiter
1595 2702 1814 2823 habetur,
1830 2708 1898 2801 uti
1937 2710 2099 2800 uotiua

715 2856 989 2983 vigilantlae3
1013 2878 1304 2989 quapropter
1331 2875 1523 2981 utraque
1540 2856 1748 2954 animalia
1772 2856 2007 2955 Minervae
2032 2856 2100 2953 [αι

713 3032 793 3099 cra
829 3006 954 3116 sunt,
995 3016 1278 3124 comitesque
1313 3007 1543 3099 individui
1619 3010 1746 3123 Hinc
1781 3003 2100 3110 Demosthenis
2130 2988 2151 3031 ⁷

713 3146 926 3255 acerbum
965 3146 1077 3249 illud
1106 3152 1150 3247 in
1189 3147 1492 3251 Athenienses
1529 3150 1725 3251 ditium:
1771 3226 1802 3273 „
1832 3155 1879 3253 O
1912 3159 2098 3259 domina

563 3384 573 3401 .
632 3302 637 3311 ’
712 3306 837 3409 urbis
861 3303 1032 3407 custos!
1066 3296 1175 3414 Cur
1199 3303 1342 3405 tribus
1372 3296 1643 3416 infestissimis
1665 3301 1814 3407 bestiis
1842 3306 2096 3435 deletlaris,

713 3467 900 3579 uotiua,
929 3461 1165 3579 serpente,
1191 3464 1239 3551 dr
1268 3456 1474 3579 populo!
1493 3526 1526 3572 „

817 3780 1071 3897 jLiteram
1098 3811 1132 3878 a
1166 3772 1311 3877 solitae
1347 3764 1510 3895 formae
1544 3773 1766 3877 Parisinus
1798 3772 1986 3877 enddbet
2015 3806 2094 3873 nu·

709 3962 812 4039 mus
825 3928 1046 4036 a·²noster
1087 3928 1407 4061 quadrifariam
1441 3931 1638 4051 sedam,
1682 3926 1864 4055 qualem
1892 3926 2097 4028 celebres

707 4096 1023 4223 inscriptiones
1045 4093 1193 4218 Sigara
1230 4091 1278 4184 dc
1298 4084 1493 4187 Delaca
1522 4078 1730 4211 fingunt,
1760 4085 1885 4209 cnjus
1912 4079 2097 4197 formae,

662 4260 663 4264 '
707 4262 926 4369 quantum
943 4245 1144 4364 memini,
1163 4238 1353 4341 necdum
1383 4238 1479 4334 visa
1508 4242 1575 4337 est
1600 4244 1643 4334 in
1667 4230 1929 4333 Atheniensr
1962 4258 2097 4358 pecu·

717 5000 858 5105 fallax
882 5001 947 5097 est
970 5005 1121 5097 aetatis
1140 4998 1375 5095 criterium
1394 5022 1424 5093 e
1452 4990 1759 5091 charaderum
1779 4989 1933 5119 figuris
1955 5016 2093 5118 expe·

708 4398 791 4493 nia
869 4385 1106 4487 Grandem
1126 4390 1232 4487 inde
1258 4388 1377 4486 numi
1398 4384 1667 4484 vetustatem
1689 4378 1827 4477 nolim
1852 4378 2013 4505 aliquis
2033 4385 2098 4479 in·

710 4558 871 4649 cautus
891 4534 1060 4651 laudet.
1139 4533 1336 4678 Quippe
1371 4553 1528 4635 cetera
1556 4564 1649 4633 non
1672 4552 1945 4661 congruunt.
1975 4567 2026 4633 το
2059 4568 2097 4634 nr

711 4728 803 4835 pro
827 4728 894 4819 n,
911 4688 982 4790 1&
1015 4686 1187 4793 fabrica
1226 4688 1367 4787 solito
1402 4688 1655 4832 elegantior
1687 4693 1911 4787 recentius
1944 4714 2098 4786 aevum

714 4851 911 4951 dilucide
937 4846 1151 4975 produnt.
1229 4840 1279 4940 In
1307 4841 1562 4939 universum
1589 4865 1785 4966 anceps,
1822 4838 2029 4958 dubium,
2049 4841 2097 4934 dt

1965 5160 2018 5238 tp.

2342 5192 2351 5215 ι
2412 5161 2413 5216 l
