5242 6509
1011 1042 1391 1199 decoll>
1767 1087 1886 1221 255

662 1310 1716 1465 onsnnvnnlouus

497 1548 557 1635 ru
584 1486 757 1669 num¹
775 1552 1015 1657 numos,
1049 1554 1319 1691 Qvonvm
1349 1512 1563 1645 nsnnn
1594 1493 1886 1651 onvscvar

659 1706 968 1849 'erroneam
994 1708 1241 1847 omens,
1281 1709 1481 1791 annm
1521 1706 1720 1792 eruam.

759 1920 824 1944 μι-

501 2250 758 2417 Utriusque
772 2256 882 2374 ..numi
912 2260 1019 2374 copia
1053 2258 1156 2376 mihi·
1173 2259 1266 2378 satta
1297 2262 1370 2349 eli,
1388 2262 1629 2360 posteaquam
1656 2282 1741 2359 pars
1762 2264 1879 2364 major

621 2360 783 2449 opuscula
807 2380 886 2452 Jam
900 2358 971 2436 surt
986 2362 1037 2435 ad
1056 2360 1269 2438 umbrlrcum
1292 2364 1463 2441 deducu.
1519 2361 1615 2437 Cum
1633 2377 1757 2437 tamen
1777 2359 1881 2439 srlen·

495 2460 557 2563 *tio
585 2480 662 2532 non
688 2457 839 2533 omnino
865 2464 1145 2555 praetereundos
1176 2465 1425 2540 existimarem
1447 2516 1461 2553 ,
1501 2487 1632 2539 eorum
1665 2468 1800 2561 ectypa
1824 2466 1879 2539 vi·

496 2558 580 2657 sum
615 2557 664 2632 est
707 2558 751 2633 iis
794 2558 950 2639 inserere
991 2560 1118 2652 locis‘,
1161 2584 1245 2658 quae
1283 2565 1400 2641 solent
1436 2566 1529 2641 alias
1572 2565 1697 2639 inania
1725 2568 1885 2662 explere

495 2659 724 2737 ornamenta.
779 2656 892 2737 Prior
922 2666 1045 2737 literas
1078 2660 1129 2734 P.
1161 2661 1200 2737 S.
1231 2662 1271 2739 S.
1301 2664 1346 2738 C.
1379 2671 1593 2760 vultumque
1624 2659 1779 2765 Augusti
1807 2690 1877 2762 po·

500 2766 599 2849 tius,
630 2785 744 2858 quam
770 2758 922 2833 Tiberii
958 2758 1102 2846 offert,
1136 2761 1263 2838 aversa
1285 2784 1395 2861 parte
1427 2763 1737 2841 PontificalemA
1764 2767 1877 2853 icem,

496 2864 532 2938 dt
563 2862 612 2938 L.
639 2858 793 2938 CAEL.
818 2854 986 2935 CLEM.
1007 2856 1174 2956 Reliqua
1200 2864 1439 2963 inscriptionis
1468 2890 1555 2965 pars
1574 2890 1712 2941 aevoce
1740 2879 1778 2938 rt.
1832 2860 1875 2940 Si

494 2962 628 3039 urbem
657 2966 826 3062 requiras
860 2962 1104 3057 eJ‘usnumuli
1140 2970 1339 3052 natalem,
1385 2970 1475 3043 illud
1519 2968 1679 3063 antiquis
1721 2964 1876 3042 solenne
2011 2999 2014 3008 =

494 3064 746 3162 usurpandum
774 3058 831 3138 N.
852 3060 902 3138 L.
932 3056 1194 3164 srregionem
1227 3068 1263 3140 in
1289 3086 1441 3166 promtu
1468 3068 1519 3142 est
1541 3068 1732 3141 sententia.
1786 3060 1879 3141 Nili.

494 3169 595 3242 enim
625 3168 751 3243 omnia
781 3188 842 3245 me
868 3164 1019 3255 fallunt,
1043 3168 1081 3241 in
1109 3162 1292 3267 Hispania
1325 3168 1541 3243 domesticus
1571 3166 1654 3263 est,
1691 3164 1790 3261 cujus
1818 3164 1876 3241 re'·

488 3262 788 3375 'gionisColoniae
807 3264 1023 3355 Romanae,
1054 3264 1152 3358 Julia
1171 3266 1392 3354 Tradudta,
1410 3265 1610 3355 Corduba,
1628 3262 1747 3351 Acci,
1774 3266 1875 3365 aliae·

372 3440 374 3444 ,
496 3392 571 3467 que
592 3369 805 3466 frequenter
828 3368 984 3467 Augusti
1015 3366 1203 3465 effigiem,
1229 3366 1331 3441 acin
1356 3366 1483 3443 aversa
1505 3364 1695 3463 Apicem‚
1718 3373 1778 3439 seu
1804 3359 1876 3441 Al·

493 3471 713 3573 bogalerum
741 3470 983 3569 exprimunt,
1014 3488 1088 3563 quo
1110 3464 1280 3560 symbolo
1300 3460 1545 3543 Pontificatus
1567 3458 1736 3540 Maximi
1755 3444 1874 3571 hono}

491 3598 573 3651 rem
605 3567 772 3671 Augusto
794 3569 1081 3667 gratulabantur.
1134 3564 1202 3643 Ad
1224 3568 1304 3643 haec
1322 3566 1524 3644 Duumuiri
1545 3560 1792 3653 CLEMens‚
1810 3589 1871 3643 cu·

486 3673 548 3766 jus
573 3670 632 3747 hic
656 3694 787 3747 numus
810 3669 1002 3758 meminit,
1031 3669 1067 3745 dt
1093 3665 1290 3747 TlBerius
1310 3664 1533 3757 FLAVus,
1558 3691 1672 3763 quem
1699 3670 1733 3744 ei
1755 3664 1870 3745 sociat

494 3774 590 3844 alter
605 3768 706 3842 baud
724 3778 885 3847 multum
910 3768 1083 3847 diffinnlis
1104 3794 1236 3847 numus
1257 3771 1294 3844 in
1316 3766 1488 3847 Motellii
1517 3766 1712 3845 Thesauro
1742 3763 1869 3865 Impe-

493 3880 660 3940 ratorum
683 3862 971 3958 Romanorum,
1006 3872 1255 3969 compluribus
1277 3866 1456 3947 Caesareae
1489 3866 1688 3967 Auguste,
1713 3870 1867 3947 celebris
2026 3880 2030 3885 “

491 3965 528 4038 in
550 3961 732 4063 Hispania
752 3971 931 4057 coloniae,
962 3972 1122 4046 monetis
1145 3970 1411 4061 inscribuntur,
1439 3971 1643 4067 cujusmodi
1677 3967 1876 4044 Florezius

330 4108 339 4121 ι
494 4066 626 4143 edidit.
655 4061 884 4156 (Meuanas
912 4071 962 4145 de
989 4074 1044 4143 las
1074 4068 1247 4146 colonias
1278 4076 1329 4147 de
1362 4069 1533 4169 Espanna
1566 4066 1685 4145 Tom.
1704 4065 1737 4145 I.
1762 4050 1863 4143 Tali?

490 4163 559 4245 lx.
579 4191 616 4242 n.
644 4188 700 4243 ιο.
727 4190 784 4249 ra.
809 4192 866 4268 13.
895 4166 997 4245 Tab.
1014 4164 1089 4246 VI.
1118 4194 1153 4245 n.
1180 4195 1210 4248 1.
1239 4196 1273 4261 4.
1294 4170 1330 4252 dr
1355 4170 1458 4247 Tab.
1478 4165 1572 4247 vll
1600 4194 1635 4245 n.
1652 4169 1716 4267 9.)
1757 4160 1865 4267 Quid

490 4272 592 4364 quod
616 4270 754 4347 fabrica
782 4264 976 4369 Hispaniae
1000 4268 1164 4349 faveat?
1188 4270 1324 4368 Itaque
1343 4277 1393 4351 de
1411 4273 1563 4373 regione
1581 4275 1661 4370 jam
1686 4268 1770 4349 satis
1789 4291 1866 4343 cer·

472 4385 532 4457 ⁴to
560 4370 714 4447 constat:
742 4368 872 4449 urbem
901 4376 1106 4450 eruendam
1134 4378 1379 4471 relinquimus
1406 4377 1545 4464 aetati‚'
1564 4396 1648 4468 quaa
1677 4376 1801 4471 plures
1822 4368 1866 4445 id

487 4496 604 4575 genus
634 4496 766 4551 numos
797 4478 834 4549 in
859 4476 1027 4572 apricum
1045 4477 1236 4575 proferet,
1267 4502 1427 4577 quorum
1452 4500 1527 4575 ope
1554 4471 1589 4549 st
1619 4470 1867 4571 comparatio·

487 4600 536 4653 ne
563 4575 766 4671 dijudicare
783 4576 908 4654 licebit
935 4578 1130 4674 denique,
1157 4576 1250 4663 fitne
1279 4606 1411 4659 revera
1435 4602 1505 4677 pro
1536 4572 1705 4651 Caesarea
1735 4569 1867 4669 Augu·

486 4678 538 4753 sla
554 4672 901 4769 consistendum‚vel
917 4700 987 4777 pro
1008 4682 1084 4763 alia
1101 4676 1297 4783 Hispaniae
1310 4685 1414 4758 urbe.
1466 4674 1532 4746 De
1557 4671 1657 4748 sensu
1675 4675 1866 4747 literarum

488 4781 534 4859 P.
555 4772 594 4854 S.
632 4776 672 4857 S.
702 4780 744 4861 C.
775 4780 987 4857 consulendi
1026 4778 1248 4861 Perizonius
1277 4782 1354 4873 (de
1386 4796 1485 4849 num.
1508 4768 1655 4847 Consul.
1686 4797 1725 4870 p.
1748 4767 1865 4866 276.)

487 4878 711 4960 Vaillantius
739 4884 818 4979 (de
837 4878 1001 4955 Coloniie
1028 4882 1066 4975 p.
1105 4868 1235 4968 481‘&
1263 4874 1354 4973 qo.)
1394 4878 1430 4952 dr
1460 4874 1553 4949 acris
1593 4876 1671 4969 ejus
1698 4867 1866 4949 adversa·
2029 4935 2033 4943 .

486 4990 560 5067 rius
589 4982 890 5078 Havercampua.
914 4979 976 5079 (in
1006 4972 1176 5075 Motellii
1202 4978 1400 5063 'Ibesauro
1426 4976 1532 5053 Fam.
1556 4971 1676 5053 Rom.
1698 4998 1737 5073 p.
1757 4970 1865 5070 249.)

413 5166 415 5173 .
484 5086 675 5170 Posterior
702 5080 949 5167 Perizonium
969 5080 1112 5167 secutus
1132 5083 1249 5165 didas
1276 5083 1401 5162 literas
1432 5082 1722 5181 interpretatur:
1746 5072 1870 5191 Pecu·

1756 5198 1817 5253 nra
