5242 6509
916 1154 1642 1259 ,ΗιιοινηωΔ
1826 1152 1937 1254 ma
2085 1126 2183 1272 ιἲ

539 1334 828 1527 'corcyram
862 1396 1010 1527 'Asopi
1052 1397 1184 1497 filiam
1225 1400 1272 1493 in
1302 1394 1424 1496 hanc
1466 1392 1647 1535 insulam
1670 1390 1929 1519 devexisse,
1956 1344 2183 1471 ᾗ

555 1547 890 1674 'Phaeacemque
919 1581 984 1647 ex
1013 1576 1068 1647 ea
1101 1544 1322 1675 genuisse,
1350 1572 1496 1670 aquo
1524 1550 1681 1677 postea
1702 1545 1930 1669 Phaeaces
2044 1512 2108 1592 Ἠ·
2163 1568 2166 1571 ’

544 1698 779 1829 ¹indigenae
815 1703 925 1799 dicii
1003 1702 1232 1827 Neptuno
1260 1703 1478 1796 taurinum
1511 1717 1653 1827 eaput
1675 1726 1738 1812 ex
1769 1700 1928 1805 aversa

559 1854 763 1981 persaepe
800 1856 1009 1983 jungitur.
1088 1853 1200 1975 Ejus
1231 1849 1461 1987 animantis
1483 1846 1696 1973 symbolo
1722 1849 1928 1953 denotari
2087 1929 2096 1946 .
2207 1863 2217 1881 “

558 2027 758 2105 armenta
785 2012 937 2131 opima
956 2078 970 2125 ,
988 2020 1048 2107 -&
1076 2006 1276 2126 gramina
1300 2000 1432 2122 laeta,
1457 1998 1617 2126 quibus
1636 1999 1796 2125 priscis
1814 2019 1926 2137 tem·

553 2152 746 2275 poribus
785 2155 1003 2279 Corcyra
1027 2150 1258 2267 inclaruit,
1300 2155 1427 2277 piget
1456 2164 1678 2277 repetere.
1756 2150 1926 2285 Neque
2096 2203 2105 2213 ·

555 2297 646 2409 hoc
664 2304 876 2425 ignorare
899 2327 1168 2429 quemquam
1194 2314 1335 2424 puto,
1355 2295 1479 2396 fuisse
1503 2316 1678 2433 taurum
1696 2300 1921 2426 Neptuno.

553 2449 836 2573 gratissimam
865 2454 1098 2547 villimam.
1182 2446 1272 2545 Sed
1297 2446 1427 2571 quid,
1452 2446 1482 2545 s1
1505 2447 1590 2546 alia
1608 2475 1752 2576 porro
1780 2446 1920 2554 subest
2068 2527 2071 2535 -

552 2596 619 2695 set
642 2603 789 2723 ratio,
826 2599 1083 2729 &speciale
1108 2596 1337 2721 quoddam
1375 2598 1565 2719 latium,
1592 2600 1717 2723 cujus
1748 2626 1919 2698 memo·

550 2749 662 2844 riam
683 2754 714 2845 ii
733 2750 977 2877 insubres,
1008 2746 1276 2868 confignatis
1293 2752 1434 2849 toties
1456 2752 1678 2875 Neptuno
1701 2755 1749 2844 ἀ
1769 2748 1918 2866 bove,

549 2895 609 2993 ad
635 2900 843 3023 posteros
869 2896 1172 2992 transmittere
1197 2894 1467 2995 voluerint?
1501 2900 1567 2997 lta
1595 2900 1698 2997 sane
1722 2895 1915 3001 videtur.
2011 2918 2018 2933 ·

544 3045 724 3143 Narrat
754 3032 1099 3161 Pausaniam)
1152 3048 1271 3142 inter
1308 3042 1539 3173 Apollinis
1571 3043 1788 3174 Delphici
1815 3076 1914 3144 mu·
1999 3061 2002 3066 ’

472 3178 473 3183 ¹
544 3218 653 3323 nera
677 3194 797 3295 fuisse
823 3216 997 3295 taurum
1015 3206 1078 3293 ex
1096 3223 1215 3314 aere,
1236 3192 1512 3323 Theopropi
1530 3198 1764 3324 AEginetae
1781 3221 1916 3322 opus,

542 3346 904 3473 Corcyraeorum
929 3344 1099 3461 donum
1119 3342 1325 3439 oblatum
1349 3340 1576 3467 sequentis
1594 3344 1790 3469 prodigii
1806 3370 1912 3441 cau·

544 3496 601 3591 sa.
623 3496 829 3625 Contigit
852 3494 974 3624 apud
997 3520 1081 3591 eos
1114 3490 1389 3616 aliquando,
1412 3511 1463 3594 ut
1499 3494 1598 3627 aliis
1633 3490 1775 3606 bubus
1806 3492 1910 3592 reli·

540 3648 623 3742 tiis
657 3674 767 3775 unus
795 3676 824 3744 e
862 3646 985 3775 pastu
1016 3641 1171 3743 abiens
1205 3626 1367 3742 contra
1396 3643 1585 3773 pelagus
1613 3640 1907 3779 vehementer

537 3800 813 3921 mugitaret3
862 3794 992 3919 quod
1038 3822 1139 3891 cum
1173 3794 1351 3922 singulis
1391 3795 1548 3895 diebus
1581 3794 1775 3912 faceret,
1809 3782 1929 3911 tam·
2029 3908 2034 3918 ,

539 3943 646 4037 dem
667 3940 886 4039 bubulcus
919 3941 979 4037 ad
998 3972 1123 4069 mare
1147 3943 1376 4042 descendit
1388 4018 1407 4067 ,
1434 3941 1545 4067 quid
1575 3950 1644 4041 rei
1666 3942 1797 4075 esset,
1822 3976 1905 4061 ex·
2060 4049 2064 4054 ,

538 4089 813 4218 ploraturus,
888 4087 957 4185 Et
981 4092 1169 4188 mirum!
1209 4106 1359 4189 tantus
1397 4091 1665 4191 thumorum
1695 4073 1907 4226 numerus
1995 4172 1998 4180 .

534 4240 717 4359 aderat,
747 4266 879 4364 quem
905 4245 991 4337 vix
1022 4266 1146 4339 mare
1184 4258 1388 4373 caperet.
1464 4236 1669 4343 Indicato
1703 4248 1906 4380 protinus

535 4391 803 4514 miraculo,
869 4388 1115 4527 Corcyraei
1175 4394 1303 4518 quod
1360 4395 1508 4527 pisces
1544 4422 1712 4523 rapere
1752 4397 1907 4512 conati
1968 4399 1970 4402 ’
2079 4519 2086 4533 l

376 4678 378 4683 V
517 4532 727 4670 ‘operam
793 4542 1031 4662 luserant,
1110 4529 1398 4650 sciscitatum
1438 4543 1652 4674 Delphos
1711 4532 1964 4657 mittunt--

1712 4672 1716 4681 ’
1754 4682 1833 4819 u-

682 4972 688 4982 ·
1028 4982 1029 4987 ¹
1127 4990 1134 5024 ¹
1520 5038 1526 5053 ,
1679 4984 1818 5025 ''¹¹''-
1862 4983 1912 5021 '¹‘

511 5058 515 5067 ’
587 5070 830 5177 ophocp.
853 5082 948 5165 818.
