5242 6509
728 1001 849 1117 rw
1150 1020 1629 1095 onnucra

501 1256 684 1333 Tum*
736 1269 988 1395 memnonis
1015 1259 1248 1369 referrent.
1327 1262 1446 1389 Ejus
1471 1293 1573 1366 cunr
1601 1266 1802 1369 loculum
1818 1274 2024 1377 invenire
2041 1305 2113 1379 ne·

333 1511 341 1529 ,
496 1368 646 1567 NV¹¹6
733 1421 937 1541 quirent,
968 1417 1116 1519 rursus
1141 1417 1359 1517 addeum
1388 1425 1571 1518 mittunt
1599 1421 1660 1521 de
1688 1424 1798 1522 loco
1827 1428 2090 1528 sciscitatum

725 1570 771 1663 in
795 1599 891 1693 quo
916 1573 1020 1673 snus
1039 1570 1223 1669 Orestes
1250 1567 1371 1670 esset.
1452 1574 1575 1672 Haec
1603 1582 1773 1679 nunciis
1798 1508 2123 1714 interroganti,
2167 1574 2174 1582 ’

632 1698 1281 1854 ’Μωὴῶωω

796 2033 881 2133 Est
907 2029 1121 2165 quadam,
1143 2032 1359 2133 Arcadiae
1389 2032 1551 2173 Tegea
1582 2041 1627 2134 iu
1658 2044 1848 2170 regione
1870 2064 2068 2176 patente.

794 2191 890 2287 Hic
918 2183 1011 2282 duo
1032 2183 1141 2280 flant
1162 2194 1288 2283 venti
1308 2194 1358 2282 vi
1385 2191 1746 2312 pervehemente
1781 2203 1946 2317 coasts,

794 2340 968 2471 Forma
984 2332 1119 2433 hostis
1145 2329 1333 2458 formae,
1360 2337 1408 2430 δι
1435 2364 1572 2435 noxae
1594 2337 1870 2467 superindita
1886 2366 2026 2437 noxa.

793 2487 892 2597 Hic
912 2485 1331 2616 Agamemnonides
1351 2501 1474 2585 terra
1495 2494 1808 2620 omniparente
1833 2507 2028 2613 tenetur,

502 2730 508 2757 ,
646 2714 658 2731 ,
724 2742 730 2755 ,
795 2628 914 2781 Quo
937 2657 987 2741 tu
1015 2637 1190 2743 sublato
1215 2638 1389 2771 Tegeae
1422 2638 1665 2771 sperabere
1688 2646 1848 2743 uictor.

865 3000 961 3093 Ubi
982 3004 1082 3092 haec
1109 3032 1294 3123 quoque
1314 3002 1552 3099 audierunt
1581 2998 1959 3124 Lacedaemonii,
1994 2996 2105 3100 nihi·

710 3147 764 3247 lo
792 3148 936 3247 minus
952 3153 1213 3248 inventione
1244 3144 1445 3292 frustrati·
1471 3150 1568 3247 sunt
1595 3159 1748 3249 omnia
1771 3150 2102 3276 disquirentes,

640 3304 651 3313 '
711 3303 860 3404 donec
882 3302 1052 3404 Liches
1077 3332 1189 3403 unus
1211 3304 1541 3430 Spartiatarum
1563 3330 1758 3427 eorum,
1779 3308 1856 3430 qui
1872 3304 1990 3403 bene
2011 3334 2101 3403 me

711 3452 785 3553 riti
817 3476 1075 3570 vocantur,
1101 3458 1329 3591 comperit
1365 3454 1566 3549 sortuna.
1586 3461 1757 3576 pariter
1787 3468 1934 3585 atque
1964 3455 2102 3557 soler·

711 3612 773 3696 tia
797 3605 912 3695 usus.
992 3601 1119 3698 Nam
1148 3622 1253 3691 curn
1291 3596 1384 3691 hoc
1413 3614 1626 3719 ternpore
1660 3625 1764 3692 cunr
1790 3607 2012 3721 Tegeatis
2025 3605 2044 3716 j

708 3750 973 3850 commercii
991 3744 1141 3867 esset,
1169 3752 1218 3845 δι
1245 3746 1324 3845 iste
1350 3749 1395 3842 in
1436 3748 1641 3857 aerariam
1679 3742 1911 3845 officinam
1949 3746 2098 3841 venis·

707 3907 808 4027 set,
854 3902 1108 4003 intuebatur
1142 3896 1431 3999 mirabundus
1468 3893 1638 3995 ferrum
1670 3896 1779 3994 dum
1811 3894 2097 4029 procudeba-

708 4078 796 4157 tur.
876 4062 983 4195 Quo
1013 4062 1058 4154 in
1083 4050 1337 4184 spestacuio
1363 4049 1575 4151 admirari
1601 4080 1704 4149 etun
1732 4047 2100 4150 animadvertens
2190 4117 2193 4123 -
2248 4145 2293 4181 .·
2418 4071 2419 4098 ¹

707 4207 838 4305 faber
858 4214 1070 4331 aerarius,
1099 4202 1343 4304 intermisso
1380 4231 1551 4327 opere,
1599 4220 1728 4301 certe
1772 4209 1914 4322 magis
1946 4222 1978 4288 o
2007 4199 2098 4292 La·

628 4396 635 4406 .
710 4382 801 4453 con
822 4351 1021 4477 hospes,
1043 4364 1209 4472 iuquit,
1237 4356 1540 4467 admirarere,
1571 4349 1603 4443 fi
1630 4350 1788 4464 idem,
1820 4342 1949 4471 quod
1981 4374 2102 4473 ego,

710 4528 762 4609 tu
803 4499 974 4621 nosses,
1003 4502 1081 4624 qui
1102 4516 1344 4628 tantopere
1363 4502 1600 4601 admiraris
1638 4494 1747 4597 serri
1772 4498 2013 4627 opificium.
2041 4498 2104 4595 Iu:

710 4658 799 4760 hac
824 4663 943 4758 enirn
968 4670 1099 4753 corte
1124 4670 1309 4778 puteum
1337 4650 1490 4777 iacere
1523 4677 1627 4749 cunr
1650 4649 1862 4771 veliem,
1910 4646 2096 4746 fodiens

714 4810 848 4912 incid
867 4816 910 4910 in
937 4808 1090 4909 locum
1108 4806 1291 4936 ¹septem
1319 4802 1604 4925 cubitorum,
1640 4804 1814 4925 &quia
1837 4795 2097 4901 incredulus
2190 4940 2196 4947 ·

1907 4980 2031 5051 eram
2112 5048 2124 5069 .
