5242 6509
989 1129 1540 1204 uvnornnn
1792 1085 1892 1217 1&

522 1385 826 1504 praeterquam
850 1374 1147 1476 testimonium
1171 1377 1295 1478 Rev,
1322 1379 1466 1490 Dorn.
1488 1367 1694 1472 ¹Aiberti
1714 1369 1894 1484 Fortis,
1911 1339 2140 1441 W

523 1533 602 1652 qui
626 1533 863 1656 conceptis
886 1529 1043 1630 verbis
1069 1533 1279 1666 testatus,
1309 1525 1359 1663 a)
1396 1536 1442 1628 in
1467 1557 1522 1629 ea
1553 1522 1689 1623 insula
1709 1524 1954 1673 repeririN
1982 1480 2136 1695 ἔξω.

523 1705 716 1799 numos,
741 1678 815 1780 hic
842 1682 1043 1782 Palladis
1069 1691 1246 1815 capite,
1271 1683 1364 1782 illic
1381 1711 1524 1816 capra
1560 1675 1638 1777 vel
1672 1673 1899 1804 amphora
1955 1659 1965 1685 ⁴
2011 1657 2022 1683 '

457 1929 471 1950 ,
519 1851 723 1932 notatos.
798 1837 947 1961 Hujus
986 1857 1138 1937 autern
1185 1841 1286 1937 Viri
1331 1843 1569 1936 austeritas
1605 1832 1772 1928 summa
1808 1827 1898 1948 est3

521 2009 612 2082 non
638 1990 757 2082 eninr
782 1989 896 2086 alius
938 1991 1169 2088 Adriatici
1196 1985 1310 2090 sinus
1339 1989 1498 2088 insulas
1530 2002 1623 2080 aut'
1645 1982 1901 2107 diligentius

519 2137 830 2261 perscrutatus
845 2143 936 2259 est,
965 2142 1044 2238 aut
1061 2141 1308 2267 elegantius
1326 2134 1563 2264 descripsit
1643 2126 1794 2232 Fuisse
1812 2157 1904 2227 non

523 2286 667 2384 solum
693 2283 847 2409 Issam,
876 2287 955 2386 sed
986 2297 1229 2417 proximas
1266 2297 1403 2388 etiam
1445 2281 1603 2387 insulas
1640 2309 1906 2410 caprarum,

524 2442 713 2556 ovium,
739 2467 1073 2567 cervorumque
1085 2467 1276 2544 numero
1296 2441 1377 2542 vel
1399 2440 1650 2569 praestantia
1674 2435 1907 2559 celebres,

526 2607 619 2687 tarn
638 2595 761 2688 numi
785 2594 988 2714 docent,
1015 2626 1152 2719 quam
1188 2613 1400 2696 veterum
1423 2594 1761 2692 commentaria.
1825 2589 1909 2687 Vi·

523 2745 668 2839 cinam
687 2745 959 2840 Brattiama
980 2751 1132 2867 capris
1177 2745 1342 2842 diserte
1394 2741 1682 2840 commendat
1719 2741 1925 2841 Plinius:-

526 2883 579 3018 b)
625 2961 653 3008 ,‚
673 2893 784 2989 Nec
820 2895 1091 3018 pauciores,
1121 2896 1288 3018 inquit,
1328 2895 1612 3014 Liburnicae,
1646 2885 1909 2992 Celaduffae.

528 3039 709 3139 Contra
732 3039 1002 3173 Tragurium
1021 3042 1184 3144 Bavo:
1210 3046 1258 3138 δι
1275 3049 1426 3173 capris
1443 3042 1623 3140 laudata
1646 3031 1909 3166 Brattia.*„

522 3191 571 3290 In
614 3198 753 3292 tertio
797 3225 937 3293 numo
994 3197 1124 3322 supra
1170 3223 1359 3293 cervam
1397 3195 1577 3292 avicula
1597 3194 1757 3310 volat,
1776 3221 1909 3317 argu·

524 3363 679 3443 mento
706 3348 945 3466 evidenti,
990 3373 1139 3468 neque
1177 3363 1418 3470 pennatum
1453 3335 1686 3439 luennbus
1725 3338 1919 3442 defuisse.

523 3496 757 3623 populum.
810 3498 1018 3598 insulanis
1038 3502 1211 3624 quippe
1228 3493 1463 3612 usitatum,
1480 3489 1748 3592 domesticas
1773 3523 1909 3621 aves,

525 3641 685 3772 quibus
718 3647 999 3775 adnuebant,
1031 3647 1350 3774 agitabantque
1382 3649 1683 3765 commercia,
1708 3653 1911 3776 pecuniae

526 3800 616 3892 suae
641 3807 942 3901 committere.
1020 3800 1104 3900 Ab
1131 3829 1285 3899 earum
1316 3796 1600 3918 multitudine
1624 3799 1744 3899 haud
1772 3799 1921 3901 dubis.

531 3967 698 4189 nopsen
726 3946 902 4051 abstulit
927 3951 1152 4068 Pullaria,
1184 3979 1322 4074 quarn
1354 3949 1529 4047 Plinius
1561 3950 1604 4044 in
1639 3980 1700 4049 eo
1727 3949 1815 4047 sunu
1842 3978 1911 4050 re·

531 4117 587 4196 ce
636 4109 694 4193 et.
920 4121 932 4140 ⁴

1754 4294 1836 4396 Ad

588 4711 872 4816 interpundi'ione
898 4724 948 4800 ita
974 4723 1082 4816 legit:
1117 4779 1142 4814 „
1163 4725 1245 4800 Nec
1276 4729 1459 4816 pauciores
1492 4721 1676 4794 Trucones
1703 4719 1912 4797 Liburnicae.

591 4831 781 4907 Celadussae
801 4851 928 4909 contra
946 4835 1095 4909 Surium.
1113 4831 1250 4927 (hodie
1264 4827 1381 4931 Zuri)
1400 4829 1536 4924 Bubus,
1572 4832 1607 4906 ἀ
1633 4833 1747 4929 capris
1771 4835 1914 4912 laudata

589 4943 776 5032 Brattia„
796 4963 836 5017 s.
857 4959 891 5015 1.
912 4964 946 5038 p.
971 4957 1063 5038 170.

587 5053 813 5249 ἒᾶνὶεςςίο
836 5053 874 5131 in
892 5059 1080 5136 Dalmazia
1105 5087 1145 5146 r.
1179 5078 1306 5159 unp.
1331 5059 1424 5156 164.
1481 5053 1529 5166 b)
1557 5064 1645 5150 Hisi.
1669 5067 1915 5148 Nat.-n.111.

619 5197 637 5245 e
676 5194 790 5258 ..nunt
1850 5213 1854 5220 ·
