5242 6509
679 1015 788 1152 τῷ
1109 1043 1580 1124 munuera

427 1215 660 1460 W
681 1284 748 1421 g)
780 1311 975 1414 quorum
1008 1287 1306 1420 snperlegeris
1329 1292 1762 1411 commentationes,
1783 1289 1870 1386 vix
1890 1287 2069 1417 supere·

402 1455 407 1465 '
468 1502 523 1580 N„
554 1509 596 1590 3,
680 1446 771 1563 rit,
803 1437 932 1567 quod
957 1438 1205 1560 defideren
1272 1442 1322 1542 A
1348 1451 1503 1575 priore
1525 1450 1570 1544 in
1590 1475 1649 1544 eo
1676 1442 1821 1588 solum
1847 1437 2067 1563 dissentio,

537 1667 543 1674 -
674 1593 805 1724 quod
821 1611 959 1728 caput
983 1594 1161 1698 leonina
1178 1599 1300 1728 pelle
1317 1595 1651 1704 formidandum
1675 1627 1767 1696 non
1790 1595 2065 1717 Alexandri,

675 1744 756 1853 led
781 1747 999 1849 Herculis
1024 1753 1295 1874 existimem,
1317 1751 1428 1853 nihil
1451 1749 1732 1855 obstantibus
1753 1757 1828 1875 iis,
1852 1781 1955 1881 quae
1979 1740 2066 1850 Vir

674 1903 903 2002 maximus
956 1928 1047 2030 pro
1103 1906 1318 2006 sententia
1375 1907 1451 2008 sua
1487 1907 1657 2009 tuenda
1692 1897 1863 2008 differit
1905 1903 1965 2006 ad
1991 1935 2070 2004 nu·

501 2113 506 2128 κ
674 2065 799 2154 mum
825 2051 1001 2152 Seleuci
1030 2084 1064 2152 1.
1087 2055 1237 2185 Syriae
1259 2066 1397 2192 regis.
1434 2057 1486 2198 lr)
1528 2060 1653 2166 Mihi
1678 2064 1858 2190 quidem
1885 2078 2067 2156 contra·

671 2211 791 2310 rium
820 2203 955 2332 plane
988 2205 1262 2336 persuadent
1289 2219 1413 2308 numi
1446 2241 1619 2344 regum·
1640 2213 1963 2330 Macedoniae,
1988 2211 2067 2335 qui
2431 2218 2432 2223 '

673 2345 1002 2462 Alexandrum
1027 2357 1100 2459 M.
1124 2364 1377 2489 praeiuere,
1398 2361 1627 2494 Amyntae
1652 2399 1728 2464 111.
1747 2362 1981 2466 Perdiccae
1998 2391 2068 2459 111·

673 2516 724 2610 dr
751 2504 954 2642 Philippi
973 2547 1020 2609 11.
1043 2541 1148 2614 nam
1173 2511 1341 2614 horum
1367 2517 1707 2620 tetradrachma
1734 2515 1924 2619 eandem
1957 2543 2069 2644 pro·

672 2678 833 2763 tomen
859 2661 1107 2788 exhibent,
1145 2695 1310 2796 nempe
1341 2669 1469 2802 quod
1497 2651 1640 2796 genus
1664 2671 1725 2767 ab
1756 2669 1964 2768 Hercule
1987 2665 2070 2767 du·

674 2804 846 2919 cerent
925 2814 1217 2948 Explicatius
1243 2815 1365 2918 hunc
1391 2817 1529 2918 deum
1549 2822 1798 2944 loquuntur
1818 2817 2073 2950 ipsiusAle·

489 3039 494 3047 ,
674 2967 841 3070 xandri
877 2969 952 3064 Μ.
990 2991 1253 3061 communes
1290 2992 1355 3058 ex
1386 2993 1479 3059 aere
1515 2963 1741 3083 monetae,
1779 2997 1884 3090 quae
1908 2968 2074 3072 similli-

600 3171 602 3178 ·
674 3148 800 3224 mum
843 3133 983 3246 caput
1022 3113 1170 3213 leonis
1207 3110 1331 3244 pelle
1366 3120 1556 3246 tectum,
1588 3127 1636 3221 in
1668 3115 1828 3217 aversa
1858 3118 2070 3243 clavam,

538 3315 550 3334 ·
674 3249 900 3402 'corycum
932 3273 982 3366 dc
1013 3261 1533 3365 arcumsubministrant.
1612 3261 1687 3368 Ea
1705 3297 1845 3369 ,arma
1872 3272 2070 3375 Herculi

674 3419 870 3558 'propria
902 3424 1007 3522 satis
1038 3412 1213 3550 liquido
1241 3405 1478 3545 produnt,
1511 3419 1639 3545 cujus
1671 3418 1723 3521 ht
1749 3422 1935 3522 alterius
1966 3453 2072 3554 par·

677 3569 740 3674 'tis
772 3579 938 3701 imago.
1031 3571 1217 3708 Quippe
1247 3565 1440 3691 auersa,
1462 3588 1513 3670 ut
1548 3576 1693 3672 moris
1734 3575 1824 3693 eii,
1861 3573 2068 3674 adversae

676 3725 802 3860 parti
822 3703 1042 3825 colraeret,
1121 3717 1262 3862 Quotl
1286 3720 1318 3819 sr
1339 3720 1583 3850 Herculis,
1602 3751 1695 3824 non
1723 3727 1873 3854 regis,
1908 3725 2070 3825 vultus

678 3888 727 3986 ln
757 3909 851 3984 aere
867 3877 1019 4006 adest,
1039 3907 1123 3982 cur
1143 3873 1321 4006 quaeso,
1343 3876 1491 4009 'dispar
1514 3881 1568 3980 fit
1597 3885 1775 4008 argenti
1800 3882 1951 3976 ratio?
1976 3881 2073 3976 Ve-

680 4057 783 4142 ram
815 4039 875 4136 &⁴
903 4041 1141 4168 genuinam
1168 4034 1431 4136 Alexandri
1467 4035 1663 4170 effigiem
1691 4036 1723 4131 ii
1751 4044 1926 4166 tantum
1952 4020 2073 4131 numi

682 4189 953 4308 indulgent,
984 4219 1181 4314 quorum
1214 4217 1278 4284 ex
1302 4189 1492 4303 averia,
1525 4203 1698 4311 praeter
1724 4211 1890 4282 nomen
1917 4188 2070 4312 regis,

683 4351 768 4438 aut
793 4332 871 4436 leo
901 4336 1130 4467 graditur,
1158 4335 1254 4438 tine
1273 4333 1463 4466 Cupido
1481 4335 1630 4434 'leone
1665 4327 1884 4438 vehitur:
1912 4354 1992 4439 aut
2008 4335 2073 4437 le-

685 4487 808 4627 gitur
849 4505 1054 4597 monton.
1085 4510 1420 4594 memnonem.
1452 4522 1496 4592 n.
1533 4517 1811 4588 nennoenu.
1887 4493 2074 4592 Priores

1924 4668 1996 4746 ar·

1072 4951 1079 4960 ¹
1542 4937 1550 4954 ν
1695 4955 1758 4968 ·ὀ
1856 4958 1932 4973 ι,

681 4971 2076 5040 ww

747 5073 800 5205 g)
822 5091 929 5172 Num·
951 5109 1030 5172 vet.
1049 5115 1086 5197 p.
1108 5107 1176 5195 70.
1213 5079 1275 5207 A)
1303 5087 1398 5168 me'n
1420 5083 1484 5163 des
1499 5076 1595 5162 Rois
1609 5106 1646 5183 p,
1666 5097 1734 5187 59,
