5242 6509
1031 1075 1440 1166 erarem
1843 1077 1920 1189 ῃ

537 1340 777 1440 momentis
819 1302 1101 1457 coniicitur'‚·
1117 1367 1201 1438 eos
1235 1335 1296 1436 de
1335 1333 1493 1464 quibus
1533 1335 1920 1453 controvertitur,
1940 1306 2179 1410 W

539 1519 693 1590 numos
718 1489 780 1590 ad
814 1488 1015 1590 Italicam
1044 1491 1241 1622 spettare
1269 1488 1534 1590 Locridem.
1726 1629 1732 1646 .
1829 1633 1834 1640 ,
2018 1447 2069 1525 Π·

696 1786 783 1886 His
809 1788 907 1912 iam
934 1783 1200 1885 constitutis·
1212 1784 1347 1910 juvat
1368 1779 1494 1881 ultra
1523 1776 1753 1910 progredi
1827 1777 1921 1876 Ve·

542 1935 722 2037 risrmile
760 1937 910 2060 duce,
957 1936 1289 2067 Epizephyriis
1316 1939 1392 2060 Jut
1421 1940 1468 2034 iu
1499 1933 1607 2037 ilios
1641 1936 1811 2064 pariter
1841 1960 1922 2029 rru-

543 2113 652 2184 mos
685 2085 802 2204 effe,
836 2093 914 2211 qui
946 2087 1105 2186 uadem
1139 2089 1278 2215 typiu'
1310 2115 1423 2205 una,
1452 2085 1534 2183 vel
1570 2105 1762 2207 utraque
1792 2102 1926 2213 parte
2100 2139 2110 2146 -

498 2260 518 2328 .·
544 2237 727 2338 literam
761 2276 795 2336 n
834 2236 1073 2336 adsociant.
1161 2237 1430 2336 Pellerinius
1464 2237 1636 2334 rursum
1675 2235 1840 2333 Ozolis
1869 2229 1933 2328 fa·

542 2408 659 2509 aret,
689 2385 942 2499 Eckhelius
969 2390 1126 2520 potius
1152 2389 1423 2512 Ireucadiia,
1455 2388 1748 2515 advertitque
1772 2393 1818 2486 in
1839 2382 1935 2516 ple·

555 2549 710 2672 ,risque
741 2570 826 2676 per
864 2571 1016 2644 aream
1052 2573 1299 2646 occurrere
1337 2544 1614 2662 caduceum,
1650 2540 1861 2657 difficile,
1888 2553 1941 2636 ut

552 2713 737 2814 vocat,
782 2699 1027 2794 criterium.
1107 2695 1234 2789 Mihi
1269 2695 1454 2810 quidem
1492 2725 1584 2786 non
1613 2693 1732 2786 adeo
1761 2687 1946 2784 difficile

561 2847 751 2938 videtur
800 2839 1024 2934 criterium
1039 2881 1073 2952 ‚·
1091 2839 1195 2932 imo
1214 2837 1334 2940 sons
1374 2836 1658 2938 itrculentum.
1745 2837 1950 2934 Exstant

558 3019 652 3088 mon
684 2989 818 3110 pauci
849 2987 1111 3084 Locrorum
1143 2973 1407 3090 Italicorum
1438 2992 1561 3088 numi
1587 2991 1730 3107 certi,
1750 2985 1857 3088 hoc
1884 2993 1950 3085 iu·

551 3137 705 3261 dignes
735 3131 970 3234 attributo·
1051 3133 1298 3260 Ejusmodi
1330 3141 1588 3267 Magmnus
1612 3159 1707 3244 tren
1730 3139 1951 3268 vulgavit.

558 3287 609 3405 r)
643 3289 760 3386 Duo
790 3294 967 3412 priores
1002 3287 1198 3416 aquilam
1229 3290 1425 3410 sistunt,
1473 3295 1547 3388 cui
1596 3288 1732 3416 lepus
1772 3317 1956 3392 coenam
2050 3307 2073 3318 ‘

562 3435 699 3560 facit,
733 3445 893 3539 tertius
920 3440 1051 3573 Jov'u
1079 3439 1269 3544 vultum.
1344 3439 1398 3540 In
1447 3439 1606 3542 aversa
1634 3443 1833 3541 omniurn
1871 3432 1957 3536 ful·

562 3621 694 3712 men,
738 3593 787 3689 dc
823 3621 908 3721 per
937 3621 1092 3694 aream
1122 3593 1362 3696 caduceus.
1399 3593 1710 3697 :Universum
1743 3591 1791 3693 id
1822 3589 1956 3690 Mer·

568 3751 678 3846 curii
710 3745 975 3846 attributum
1000 3743 1300 3871 frequencest
1325 3753 1380 3848 in.
1391 3750 1571 3850 Bruttia
1590 3759 1775 3848 murteta
1789 3769 1956 3863 ,curn-

562 3903 723 4023 -primis
754 3893 928 3994 urbium
956 3899 1145 4000 Peteuae
1175 3929 1231 4000 ac
1257 3904 1519 4027 Hippotai·
1569 3902 1639 3998 Et
1666 3924 1787 3993 vero
1821 3895 1957 3992 Mer·

559 4044 683 4142 turn
713 4038 883 4140 cultum
914 4075 1002 4175 per
1020 4075 1124 4144 eum
1150 4056 1339 4178 tretium
1364 4045 1577 4176 viguiiie‚
1600 4040 1803 4174 probant
1821 4046 1957 4144 etiarn

459 4243 465 4260 ν
559 4193 884 4322 Rheginorum
913 4204 1076 4312 numi,
1105 4203 1168 4294 'in
1211 4195 1372 4322 quibua
1418 4205 1458 4298 is
1496 4197 1608 4298 deus
1644 4197 1765 4323 saepe
1780 4195 1957 4322 ‚saepius

385 4475 388 4478 Ι
570 4347 817 4444 caduceum
864 4361 1035 4475 portat.
1129 4350 1307 4448 Contra
1349 4380 1468 4469 uero
1497 4347 1725 4448 indubiam
1770 4350 1955 4450 Graecae

561 4495 785 4596 Locridis
816 4519 1050 4606 monetam
1078 4529 1161 4602 nec
1188 4531 1317 4604 unam
1351 4504 1565 4623 dederim,
1602 4501 1756 4600 mitem
1773 4529 1846 4601 ex
1874 4494 1953 4598 ha·

573 4657 720 4751 uentu
747 4649 907 4774 editis,
942 4687 1045 4784 quae
1072 4659 1255 4785 alicujus
1290 4665 1334 4759 in
1368 4661 1651 4760 Mercurium
1677 4655 1864 4783 pietatis
1887 4652 1951 4748 iu
1983 4786 1986 4793 Ι

625 5123 662 5226 r)
682 5127 797 5207 Brute.
819 5131 927 5220 Num.
952 5155 988 5211 r.
1014 5133 1082 5232 69.
1106 5157 1141 5219 n.
1171 5157 1234 5216 11.
1253 5141 1288 5216 tr
1318 5159 1410 5220 111.
1431 5128 1472 5213 r.
1493 5155 1561 5236 μ
1576 5163 1615 5216 n.
1635 5137 1760 5220 vnn,
1867 5088 1874 5175 ‘.
