5242 6509
1060 1175 1446 1256 tantam
1813 1165 1897 1276 73

526 1411 772 1561 propterea
807 1412 934 1556 quod
973 1429 1122 1530 vitum
1153 1423 1487 1528 eruditillunum
1528 1421 1636 1529 satis
1672 1415 1908 1549 copiosam
1936 1418 2129 1498 annona

451 1629 454 1636 ·
506 1587 834 1716 numismatum
860 1578 1174 1682 colleoliouem
1197 1575 1393 1683 habuiffe
1422 1583 1642 1678 noverim.
1716 1576 1791 1676 Ut
1806 1576 1902 1672 Lu·
1960 1539 2104 1738 Num

524 1763 664 1835 canos
700 1726 750 1868 r)
789 1751 994 1855 taceam,
1028 1751 1079 1836 ut
1099 1733 1475 1861 Metapontinos,
1507 1727 1559 1848 s)
1584 1725 1820 1830 Petelinos
1848 1717 1903 1855 t)
2006 1712 2016 1735 ‘
2106 1702 2119 1733 ’

525 1882 736 2011 aliosque
771 1888 914 1990 Italiae
940 1885 1181 2019 populos,
1219 1884 1383 2012 quibus
1417 1885 1553 1988 Mars
1592 1885 1713 1985 senio
1751 1880 1911 2009 gravis

529 2033 805 2160 colebatur,
847 2042 1108 2166 frequentes
1136 2040 1321 2161 tritique
1358 2037 1465 2135 sunt
1485 2041 1607 2158 numi
1640 2036 1754 2144 aerei
1784 2061 1910 2132 com·

525 2191 649 2286 muni
674 2192 824 2312 gentis
847 2189 1045 2288 Bruttiae
1071 2193 1253 2285 nomine
1285 2189 1400 2303 cufi,
1434 2175 1512 2314 qui
1540 2213 1627 2284 una
1650 2199 1782 2312 parte
1811 2181 1915 2279 bar-

527 2338 623 2436 bati
644 2340 817 2439 Martis
839 2335 1064 2467 effigiem,
1092 2335 1237 2437 altera
1261 2340 1458 2439 comites
1489 2339 1613 2464 ejus,
1665 2337 1915 2433 Vitioriam

529 2507 715 2622 tropaeo
760 2489 1073 2612 adsistentem,
1117 2488 1199 2592 vel
1236 2487 1475 2590 Bellonam
1512 2490 1751 2618 gradivum
1787 2487 1918 2588 exhi·

436 2723 440 2732 .
532 2639 651 2744 bent.
730 2635 864 2784 Quid
904 2644 1053 2746 dicam
1092 2639 1152 2742 de
1177 2642 1402 2743 Romanis
1433 2642 1653 2763 denariis,
1683 2648 1727 2737 in
1756 2641 1921 2766 quibus

531 2825 672 2896 Mnus
693 2827 871 2889 varon
898 2799 947 2882 lit
982 2819 1260 2883 nnsunrou
1290 2788 1346 2902 u)
1378 2797 1521 2888 toties
1542 2790 1766 2904 barbatus
1795 2790 1923 2916 frngi-
1991 2869 1996 2878 .

530 2949 643 3048 ‚turi
674 2940 794 3035 Tam
829 2934 997 3033 obvios
1023 2961 1188 3031 numos
1210 2963 1297 3032 non
1326 2943 1505 3066 potuit,
1537 2958 1614 3037 aut
1635 2957 1765 3072 certe
1793 2946 1922 3068 iguo·

528 3117 637 3186 rare
668 3114 762 3183 non
799 3083 957 3185 debuit
997 3080 1072 3183 cl
1107 3083 1360 3193 Casanova.
1438 3089 1748 3218 Syracusanos
1792 3082 1921 3220 quod

533 3244 721 3357 attinet,
746 3239 920 3337 confiat
951 3237 1186 3364 impensus
1211 3235 1335 3338 fuiffe
1357 3239 1507 3338 Marti
1530 3241 1750 3343 addittos.
1801 3237 1922 3346 Fue‘·

535 3395 822 3510 ranimirum
866 3393 956 3488 vin·
986 3387 1159 3511 fortem
1196 3419 1330 3490 manu
1359 3398 1565 3518 promti,
1601 3395 1923 3518 maximasque

537 3563 686 3663 terra,
718 3544 921 3670 marique
957 3537 1178 3642 bellorum
1207 3541 1354 3644 moles
1377 3572 1494 3642 nunc
1515 3541 1734 3645 adversus
1757 3563 1921 3675 tyran·
2170 3655 2176 3666 ,

537 3723 651 3817 nos,
675 3723 794 3795 nunc
807 3699 985 3796 onmem
1010 3693 1335 3825 rempublicam
1349 3693 1764 3824 Carthaginiensem
1802 3697 1921 3797 susti·
2002 3822 2007 3830 ι

539 3875 688 3944 nuere.
763 3849 882 3950 Non
918 3843 1126 3978 possum,
1162 3851 1269 3975 quin
1304 3845 1518 3948 illustrem
1546 3845 1727 3948 Pindari
1765 3844 1921 3948 locum

540 3990 631 4092 huc
658 3995 870 4114 inseram,
889 4003 966 4120 qui
991 3999 1054 4094 ob
1082 3999 1320 4116 militarem
1357 3998 1694 4126 oppidanorum
1725 3998 1921 4130 gloriam

538 4145 744 4248 Martem
765 4145 886 4276 ipsas
914 4141 1131 4249 habitalse
1152 4137 1400 4278 syracuno
1431 4145 1590 4288 fingit:
1722 4159 1728 4168 '

1128 4528 1134 4538 ·
1765 4483 1851 4556 Me·

598 4673 636 4780 r)
665 4679 821 4774 Magnam
856 4683 1007 4762 Lucania
1027 4677 1146 4794 Num,
1172 4709 1210 4794 r.
1237 4711 1275 4790 3,
1334 4685 1378 4792 e)
1405 4689 1521 4786 Beger
1548 4688 1622 4765 Tb.
1649 4687 1786 4764 Brund.
1810 4705 1855 4772 m
1886 4707 1926 4768 ι.

519 4853 526 4870 .
599 4812 635 4886 p.
659 4805 755 4892 328.
829 4791 863 4894 t)
892 4799 1427 4900 PellerinRec.1.pl.v111.
1460 4826 1494 4883 n.
1525 4815 1600 4902 35.
1689 4796 1925 4900 minorent

601 4903 708 4980 Thes.
729 4907 829 4991 Fam.
855 4909 968 4987 Rom.
989 4911 1081 4992 inter
1105 4913 1257 5028 ineerta.
1292 4911 1385 4994 Tab.
1401 4929 1443 5002 2.
1465 4939 1500 4997 n.
1517 4929 1566 4998 m.
1584 4933 1623 4998 v.
1648 4935 1737 5021 mu.
1760 4917 1854 5036 'item
1881 4937 1924 4998 a.

600 5034 738 5120 4ur,

1106 5247 1107 5250 κ
1232 5187 1284 5296 Κ
