5242 6509
1016 1065 1041 1174 ἰ
1078 1091 1116 1171 r
1151 1082 1190 1170 a
1231 1103 1264 1169 ι
1296 1089 1323 1168 r
1363 1084 1444 1175 an
1823 1093 1900 1202 3‘11

516 1369 654 1474 gnam
689 1335 781 1439 hoc
807 1367 1050 1453 nurnorum
1083 1369 1223 1470 geom
1249 1336 1500 1444 nullatenus
1526 1343 1743 1445 invenias.
1793 1337 1895 1438 Ne
1930 1344 2120 1422 'mm

516 1527 606 1622 qne
644 1491 1079 1620 facientemque
1119 1499 1265 1622 coepti
1300 1492 1385 1592 smt
1417 1511 1553 1601 aetate
1591 1503 1636 1600 in
1668 1524 1723 1598 ea
1739 1490 1897 1636 ⁴‚Italiae
1930 1584 1933 1591 ,
1969 1456 2076 1654 ’Νῗῑι
2084 1600 2100 1645 .·

514 1667 649 1776 parte
686 1647 894 1778 procudi.
982 1643 1274 1774 Praecedere
1291 1647 1420 1742 annis
1451 1644 1634 1771 quidem
1662 1647 1897 1742 minimum

510 1803 737 1902 sexcentis
767 1800 1033 1906 Christianae
1069 1831 1175 1904 aerae
1187 1875 1202 1924 ,
1239 1800 1515 1932 perspectum
1546 1795 1724 1918 habeo,
1755 1813 1894 1923 atque

424 2031 429 2042 .
511 1960 577 2050 ita
603 1953 811 2052 conficio.
853 1946 857 1954 ’
883 1950 967 2058 Est
991 1953 1100 2056 mihi
1135 1953 1448 2081 Sybaritanam
1468 1969 1709 2082 argenteus
1732 1953 1912 2050 numus‘

514 2129 618 2200 cum
650 2101 855 2202 Palladis
889 2111 1094 2232 taurique
1124 2105 1282 2232 fignis,
1317 2101 1396 2202 sed
1434 2110 1718 2231 prominente
1753 2107 1896 2200 utria..

509 2269 601 2375 que
635 2256 836 2382 typario.
911 2255 1051 2352 Hunc
1086 2242 1185 2354 fere
1216 2257 1340 2352 annis
1380 2283 1499 2351 oxr..
1534 2271 1639 2351 ante
1665 2243 1894 2378 epocham

511 2399 808 2508 Christianam
854 2403 1035 2526 flatum,
1072 2433 1212 2508 nemo
1245 2403 1538 2522 diffitebitur,
1569 2407 1647 2529 qni
1681 2405 1890 2522 noverit,

511 2553 707 2682 Sybarin
750 2585 812 2661 eo
856 2561 1146 2690 temporina
1186 2557 1474 2660 Crotoniatis
1514 2551 1638 2656 fuiiie
1675 2552 1890 2654 radicitus

507 2713 710 2829 crutam,
753 2737 902 2830 neque
947 2696 1144 2830 ampiius
1179 2711 1440 2803 restitutam.
1514 2706 1682 2806 Nihilo
1715 2711 1891 2820 minue,
1986 2820 1989 2825 y

509 2875 564 2954 nt
572 2861 756 2968 monui,
781 2853 1012 2978 typarium
1037 2855 1203 2948 eminet
1233 2849 1330 2972 jam
1358 2869 1623 2977 utrumqne,
1645 2881 1703 2952 ac
1721 2847 1891 2954 fabrica

509 3005 694 3096 minime
732 2995 969 3123 wigarem
1008 2994 1276 3127 elegantiam
1309 2997 1460 3127 spirat.
1557 2997 1826 3128 Progreiius
1857 3029 1886 3102 a
2030 3083 2037 3116 ,

502 3150 662 3290 primis
683 3149 750 3247 rei
782 3153 1050 3249 monetariae
1083 3153 1215 3250 initiis
1245 3146 1305 3248 ad
1342 3167 1512 3254 tantum
1544 3148 1728 3254 fabricae
1764 3145 1884 3254 nitoss

502 3311 600 3400 rem
649 3297 795 3401 subito
843 3297 942 3400 fieri
981 3331 1073 3402 non
1113 3319 1309 3436 poterat
1405 3305 1528 3404 Tam
1563 3320 1723 3433 parum
1755 3310 1883 3437 qnip-

500 3437 910 3577 peragenorem,
952 3483 1090 3581 qnam
1115 3454 1333 3558 arborum
1366 3449 1531 3555 stutius
1560 3453 1709 3555 subito
1738 3473 1884 3556 matu·

502 3600 693 3700 rescunt.
769 3606 878 3706 Erit
911 3609 1064 3735 itaque
1099 3637 1348 3742 congruum
1360 3671 1376 3729 ,
1408 3613 1504 3712 imo
1532 3605 1729 3730 necesse,
1749 3611 1887 3714 sexa·

506 3755 634 3880 ginta
673 3759 857 3860 circiter
882 3779 1101 3862 annornm
1124 3765 1313 3893 spatium
1343 3764 1461 3862 inter
1491 3760 1622 3861 rudia
1664 3760 1741 3861 iila
1783 3758 1886 3861 feri·

507 3903 616 3997 undi
642 3915 816 4030 argenti
842 3913 1076 4038 pericula.
1132 3943 1329 4041 eumqne
1362 3911 1652 4043 ‘perfectionis
1691 3912 1885 4042 gradum

503 4054 838 4194 interponere,
885 4088 981 4184 quo
1020 4065 1115 4184 jam
1159 4061 1415 4192 perveniiie
1450 4064 1710 4188 Sybaritam
1744 4061 1884 4200 artifi·
2067 4142 2069 4146 -

490 4213 600 4301 c'em
634 4199 853 4306 videmur.
921 4209 977 4308 'Si
1009 4216 1072 4308 ita
1094 4216 1202 4333 est,
1235 4232 1365 4342 pater
1400 4212 1607 4334 eornm,¹⁸
1626 4209 1883 4341 dequibus

504 4357 678 4477 egitur,
714 4367 952 4460 nemorum
988 4379 1173 4464 aetatem
1202 4365 1357 4469 saltem
1392 4369 1460 4469 ad·
1482 4367 1722 4470 sexcentos
1741 4371 1879 4475 orci·
2025 4436 2034 4458 .

497 4516 586 4652 ter
605 4532 750 4610 aanor
781 4532 888 4615 ante
920 4510 1164 4626 cirrium..
1184 4537 1339 4624 aarum
1371 4516 1462 4626 effe
1492 4520 1891 4642 removendam:⁸
1984 4612 1987 4618 ,

1613 5121 1797 5270 Quam
