5242 6509
705 1087 795 1234 βό
1177 1113 1648 1205 canneta

475 1359 667 1434 Tssffl
710 1355 953 1484 adquifitae
978 1355 1235 1486 libertatis3
1270 1368 1317 1461 da
1335 1391 1438 1462 cum
1456 1358 1703 1497 Philippus
1725 1360 1976 1490 barbaros,
2002 1367 2097 1470 Da·

509 1472 692 1668 Nffla
687 1522 791 1631 ciae
816 1541 1030 1664 graves,
1039 1535 1223 1643 quarto
1246 1523 1424 1650 imperii
1451 1518 1524 1620 sui
1550 1550 1705 1646 anno
1702 1515 2003 1654 represserit,
2045 1527 2100 1624 11·

704 1686 814 1799 qnet
844 1697 1027 1767 annum
1058 1708 1114 1770 11
1158 1669 1363 1768 liberatae
1398 1671 1582 1794 Daciae,
1616 1705 1752 1803 quem
1783 1671 1981 1808 praeiens
2002 1703 2095 1775 nu·.

555 1823 557 1832 ⁴
704 1847 807 1962 mus
844 1818 1099 1955 eloquitur,
1143 1821 1363 1955 respond
1343 1853 1419 1926 re
1472 1828 1568 1952 ejns
1614 1829 1916 1960 Imperatoris
1970 1818 2091 1928 anno

703 1939 878 2103 quinto.

856 2269 1074 2370 Alterum
1106 2261 1420 2370 numum'cum
1448 2255 1676 2398 descripto
1699 2272 1861 2370 Daciae
1889 2286 2013 2400 typo
2044 2279 2092 2373 δι

701 2447 845 2542 anno,
887 2423 1077 2552 perinde
1120 2423 1198 2524 sub
1235 2423 1456 2554 Philippo
1490 2424 1682 2522 seniore.
1706 2419 1866 2527 frustra
1908 2429 2096 2552 quaesie-

699 2579 774 2680 ris.
854 2575 1034 2677 Uxoris
1074 2578 1291 2680 Otaciliae
1316 2577 1420 2677 talis
1455 2557 1604 2680 'exstat
1633 2577 1781 2681 editus
1813 2588 1861 2679 in
1895 2578 2096 2720 Cimelio

701 2735 976 2856 Austriaco,
997 2783 1003 2794 ·
1006 2728 1071 2864 g)
1108 2740 1187 2860 qni
1214 2763 1298 2834 nec
1323 2733 1459 2829 nobis
1487 2731 1624 2832 deest.
1702 2733 1789 2830 De
1816 2732 1989 2832 duabus
2032 2722 2115 2832 ‘lei‘

700 2893 912 3012 gionibus
950 2888 1113 2978 Daciae
1148 2887 1361 3004 praesidio
1396 2881 1654 3002 impositis,
1695 2911 1732 2980 v
1760 2882 2094 3003 Macedonica,

700 3061 827 3154 cuns
858 3024 1117 3154 symbolum
1143 3026 1318 3150 aquila,
1347 3029 1395 3114 &
1429 3053 1533 3120 xm
1571 3023 1803 3144 Gemina,
1838 3036 1909 3150 cuj
1915 3063 1965 3124 us
2003 3035 2102 3131 insn-

701 3213 792 3316 gne
823 3182 934 3302 leo,
966 3173 1235 3282 Vaillantlns
1273 3172 1641 3321 Froelichiusque
1662 3180 1790 3272 varia
1817 3181 2096 3327 notaverunt

655 3381 659 3389 ·
701 3341 748 3434 in
782 3333 1082 3452 Coloniarum
1110 3337 1262 3430 numis.
1340 3312 1566 3456 Legionis
1601 3310 1785 3464 Quintae
1817 3328 2095 3430 Macedoni·

702 3516 798 3606 cae,
829 3489 1016 3612 ejusque
1057 3482 1136 3583 sub
1165 3483 1380 3584 Gallieno
1420 3478 1626 3583 Praefecti
1670 3482 1849 3583 Donati
1894 3487 2096 3583 meminit

703 3640 920 3770 praestans
956 3639 1101 3768 lapiS,
1140 3656 1190 3736 ut
1219 3657 1269 3736 ut
1300 3635 1523 3762 aliquibus
1559 3633 1676 3734 locis
1724 3635 1938 3760 luxatus,
1971 3665 2092 3732 anno

702 3790 991 3894 moccnxxv
1019 3789 1227 3896 Thordae
1263 3798 1307 3891 in
1331 3790 1481 3913 Dacia
1506 3802 1680 3902 erutus,
1713 3819 1854 3914 quem
1878 3789 1911 3886 fi
1941 3786 2093 3885 erudi.¹

646 4002 652 4032 ι
702 3959 756 4047 to
791 3946 896 4048 orbi
933 3951 1291 4064 communicem,
1340 3973 1497 4072 operae
1530 3947 1727 4070 pretinm
1759 3939 1977 4038 facturum
2016 3941 2093 4036 me

702 4103 850 4230 spero.
927 4099 1191 4228 Exemplar
1220 4095 1356 4222 quale
1385 4098 1569 4218 recepi,
1615 4091 1709 4196 tale
1741 4090 1842 4194 nno
1851 4119 1871 4215 ,
1906 4120 1964 4192 ne
1997 4113 2091 4186 mu·

706 4257 813 4348 tntis
845 4249 1027 4374 quidem
1061 4252 1373 4351 characterum
1401 4246 1574 4408 figuris.
2025 4225 2030 4237 ’

759 5175 1370 5282 g)'l'om.1.n.av11.n.1r.
1438 5265 1446 5280 ‚
1496 5265 1504 5279 ,
1585 5266 1589 5274 ¹
1646 5282 1650 5293 Ι
