5242 6509
975 1108 1527 1203 nvnonann

801 1678 1366 1793 PYRRHvs·
1436 1663 1669 1771 Ruit

694 1974 863 2074 Dianae
904 1989 1149 2104 protome:
1183 2003 1212 2073 a
1248 1988 1382 2099 tergo
1414 1958 1631 2095 pharetra
1676 1954 1849 2075 clausa,
1883 1960 1930 2057 in

543 2149 650 2219 area
673 2123 753 2223 fax
779 2126 959 2227 ardens.
992 2120 1044 2263 )(
1083 2154 1326 2229 anarrinon:
1351 2150 1548 2223 nruuoa.
1599 2112 1800 2207 Vitioria
1827 2136 1929 2234 gra·

541 2268 698 2398 diens,
736 2272 781 2376 d.
817 2303 1066 2395 coronam,
1095 2304 1131 2375 s.
1167 2294 1397 2405 tropaeum
1434 2268 1631 2401 gestans:
1667 2289 1750 2393 per
1775 2288 1929 2379 areant
1999 2307 2003 2316 ·

541 2416 708 2527 fulmen
742 2430 788 2525 δι
812 2427 989 2559 astrum.

1647 2569 1766 2654 AVR
1797 2569 1868 2657 111.

700 2856 878 2957 Desunt
921 2851 1105 2975 verba,
1134 2847 1295 2980 quibus
1331 2858 1442 2954 artis
1475 2850 1796 2955 'commendem
1832 2846 1930 2952 ille·

545 3005 723 3109 cebras.
797 3008 999 3109 Pretium
1040 3038 1105 3105 ex
1139 3008 1189 3106 se
1214 3034 1425 3135 magnum
1457 3027 1649 3139 augetur
1677 3005 1758 3105 vel
1784 3010 1929 3105 maxi·

545 3192 646 3279 me,
678 3156 869 3290 quoda
890 3144 1101 3260 fimilibus
1127 3160 1220 3287 jam
1251 3158 1386 3261 editis
1408 3168 1551 3261 numis
1573 3156 1751 3281 differt,
1770 3189 1928 3286 quam·

542 3320 616 3413 vis
641 3319 684 3413 in
709 3319 863 3444 paucis
900 3330 1085 3411 tantum.
1147 3309 1254 3409 ·Sed
1288 3310 1546 3430 hujusmodi
1567 3309 1745 3408 cimelia
1776 3312 1928 3435 postu·

542 3468 669 3584 lant,
697 3488 748 3563 ut
779 3470 915 3562 etiam
948 3466 1232 3563 minimorum
1263 3464 1383 3559 ratio
1419 3457 1655 3562 habeatur.
1731 3458 1928 3563 Fulmen

534 3617 668 3745 juxta
698 3620 943 3716 Vitioriam
968 3612 1249 3746 gradientem
1286 3610 1452 3714 inullis
1477 3642 1636 3748 regum
1665 3614 1800 3747 Epiri
1828 3633 1929 3717 mo

540 3776 681 3891 netis,
702 3788 752 3867 ut
784 3768 1043 3869 Alexandri
1069 3767 1385 3899 Neoptolemi
1409 3768 1518 3892 filii,
1552 3768 1831 3897 quandoque
1857 3766 1929 3867 so·

407 3980 439 4025 ,,
542 3917 637 4013 lum
659 3918 814 4013 rutilat
831 3951 894 4015 ex
913 3924 1071 4021 averia
1096 3940 1256 4050 parte,
1287 3940 1425 4045 atque
1443 3918 1502 4020 ad
1533 3919 1666 4053 Jouis
1690 3919 1927 4025 Dodonaet

541 4067 714 4170 cultum
738 4064 909 4165 adludit
927 4070 970 4163 in
991 4071 1144 4201 Epiro
1164 4068 1489 4201 percelebrem

695 4356 775 4456 De
806 4352 996 4483 Pyrrho
1024 4359 1126 4490 ipso
1160 4377 1334 4479 tacere¹
1351 4366 1561 4493 praestat,
1594 4392 1732 4489 quam
1758 4341 1923 4493 parum

542 4504 684 4634 loqui.
733 4510 845 4635 Ejus
872 4516 1068 4611 vitame
1095 4512 1371 4639 Plutarcho,
1401 4502 1534 4621 animi
1561 4514 1864 4618 celfitudinem
1891 4552 1922 4620 e

542 4661 780 4788 colloquio
813 4690 916 4762 cum
952 4664 1169 4769 Fabricio
1199 4671 1384 4773 consule
1413 4672 1599 4784 disces,
1644 4667 1772 4793 quod
1805 4666 1929 4797 apud

394 4903 398 4908 ,
540 4810 815 4939 Dionysum
850 4813 1235 4923 Halicarnalieum
1261 4843 1487 4943 nunquam
1518 4814 1607 4919 ime
1627 4847 1761 4927 nova
1785 4846 1840 4923 ac
1862 4825 1928 4925 in·

541 4960 749 5065 credibili
772 4956 1011 5091 voluptate
1029 4961 1155 5097 lego.
1258 4984 1277 4997 ”
1851 4968 1857 4981 ’

1096 5120 1212 5259 Za
1270 5138 1284 5241 Q
1503 5070 1508 5079 ’
1681 5124 1851 5233 COR·
