5242 6509
997 1107 1387 1216 tunnam
1562 1137 1566 1144 ·
1821 1079 1897 1210 63

366 1333 371 1340 ’
520 1357 726 1479 miliani,
756 1367 872 1455 nunc
898 1351 1100 1461 Caesarei
1122 1357 1286 1477 musei,
1309 1350 1365 1474 l)
1401 1353 1462 1457 ad
1487 1347 1723 1457 Palladem
1753 1383 1895 1458 excu-

1915 1291 2151 1337 m

1947 1347 2147 1424 Tnuvua

519 1517 630 1619 batt
653 1514 775 1614 Haec
802 1527 929 1612 certe
963 1582 996 1630 ‚,
1027 1507 1176 1614 fabula
1212 1539 1316 1610 cum
1340 1507 1566 1610 Corintho
1590 1513 1767 1638 penitus
1788 1537 1896 1613 con·
1994 1460 2052 1596 ¹¹⁴.

515 1674 732 1786 nediitur,
755 1667 812 1764 ,δι
850 1668 893 1760 in
927 1669 1105 1786 nuruis,
1138 1661 1302 1791 quibus
1335 1659 1588 1762 Corinthus
1613 1661 1797 1762 colonia
1833 1665 1899 1764 in·
2008 1738 2014 1744 .

517 1821 749 1937 scribitur,
780 1815 949 1918 obvius
984 1835 1129 1948 typus
1163 1815 1236 1916 est·
1245 1889 1284 1944 o
1324 1814 1420 1916 Me
1454 1815 1639 1944 quidem
1667 1811 1900 1922 Chimaera

514 1973 667 2088 isthaec
696 1969 802 2069 nihil
832 1987 988 2072 terret
1067 1969 1222 2096 Vid'l's.
1255 1975 1305 2068 ἁ
1330 1974 1536 2097 ‘quisque
1569 1963 1703 2070 facile
1735 1970 1899 2106 videre

518 2130 691 2252 poterit
725 2125 772 2220 in
807 2119 903 2222 hoc
937 2120 1088 2220 obvio
1125 2125 1329 2250 pecuniae
1359 2125 1560 2252 genere,
1603 2150 1728 2249 pone
1758 2143 1898 2250 caput

516 2259 758 2396 Palladis,
804 2271 1096 2372 diversissima
1138 2271 1345 2398 habitare
1394 2271 1634 2410 animalia,
1689 2277 1904 2395 nodum,

524 2426 719 2554 aquilas,
752 2454 888 2526 canes
925 2429 1011 2524 duc.
1034 2415 1167 2564 Quid
1192 2427 1245 2523 iis
1281 2416 1489 2526 omnibus
1521 2417 1693 2526 facias!
1725 2415 1902 2528 Haecne
1940 2496 1944 2502 -

517 2576 755 2692 Corintho
789 2583 897 2679 item
943 2586 1220 2679 connesiesl
1267 2578 1465 2681 Minime
1505 2579 1700 2707 quidem.
1796 2580 1903 2681 Erit

515 2763 630 2862 ergo
655 2732 718 2834 ad
746 2753 880 2833 notas
905 2732 1240 2852 magistratuum
1271 2729 1646 2856 confugiendum,
1678 2747 1730 2827 ut
1760 2731 1904 2832 mole·

512 2889 627 2985 stam
653 2881 837 2974 turbam
870 2889 1163 2999 quantocyus
1204 2869 1491 2976 submoveas
1566 2877 1696 2979 Idem
1731 2881 1906 2981 consul·

519 3037 609 3130 tius
634 3028 829 3128 sortaffis
861 3039 987 3139 erat,
1037 3019 1098 3119 de
1130 3017 1360 3123 Chimaera
1397 3025 1575 3128 Palladi
1617 3028 1785 3132 sociata
1820 3033 1901 3136 sta·

513 3199 654 3290 tuere.
731 3174 822 3276 Sed
845 3172 1028 3294 demus,
1050 3170 1231 3274 bestiam
1270 3182 1315 3276 in
1353 3210 1414 3279 eo
1452 3209 1589 3284 numo
1626 3182 1902 3290 Corinthum

512 3333 751 3462 respicere.
831 3329 953 3467 Quid
990 3333 1118 3426 tum?
1166 3327 1283 3432 Illud
1319 3330 1544 3459 denique,
1589 3337 1902 3462 Syracusanos

513 3482 609 3584 hoc
633 3487 768 3586 etiam
789 3482 1008 3582 attributo
1039 3478 1329 3582 Corinthiam
1353 3489 1573 3616 originem
1594 3487 1793 3591 indicare
1814 3517 1900 3590 vo·

513 3635 668 3762 luisse,
707 3635 896 3766 perinde
923 3665 979 3736 ac
1007 3634 1202 3765 pegaso,
1234 3636 1489 3740 Corinthiis
1516 3667 1608 3740 non
1633 3650 1776 3746 minus
1792 3673 1900 3778 pro-

512 3797 653 3922 prio.¹
709 3781 837 3926 Quis
881 3789 1022 3892 nescit
1059 3784 1351 3906 coloniarum
1382 3823 1559 3894 morem
1586 3825 1901 3923 communem,
2045 3899 2053 3910 .

479 3931 678 4068 v‘quibus
701 3942 890 4038 santium
925 3943 1087 4069 patriae
1122 3942 1304 4066 majoris
1340 3950 1407 4043 uti
1438 3945 1694 4072 symbolis?
1741 3941 1902 4055 Pros-

513 4098 590 4189 do
630 4088 855 4190 Leucadii
891 4092 1170 4192 Acarnaniae
1209 4089 1361 4190 adhuc
1399 4093 1606 4200 disertius
1636 4098 1904 4204 Corinthios

507 4240 684 4368 natales
719 4237 902 4369 profem
943 4243 1076 4359 sunt,
1121 4244 1199 4363 qui
1240 4271 1334 4342 non
1367 4248 1513 4347 modo
1553 4250 1825 4356 Chimaeram
1851 4255 1901 4356 sr-

515 4394 738 4520 guabant,
773 4395 838 4496 ita
861 4409 912 4492 ut
933 4407 1113 4524 partem
1139 4419 1268 4495 unam
1291 4396 1387 4498 sola
1420 4424 1648 4536 occupet,
1684 4437 1790 4534 quae
1810 4411 1901 4537 Sy,-

508 4545 732 4652 raculano
762 4549 809 4644 in
835 4573 971 4647 numo
1000 4563 1173 4646 mutum
1199 4551 1405 4653 attributi
1432 4553 1588 4680 locum
1623 4564 1668 4657 in
1697 4588 1805 4661 area
1834 4579 1899 4662 te

509 4714 631 4825 net,
670 4727 842 4812 *uerum
883 4701 1111 4832 &ipsum
1148 4699 1567 4840 Bellerophontem
1599 4712 1769 4847 pegaso
1817 4739 1899 4824 ve·

1706 4872 1822 4968 dum
1857 4859 1866 4875 ’

570 5113 615 5225 b)
636 5119 778 5206 Eckhel
797 5126 909 5253 llum.
928 5141 1007 5220 vet.
1022 5145 1061 5209 τ.
1081 5152 1225 5252 uranu.
1251 5075 1331 5248 aa„
1536 5249 1540 5254 Ι
