5242 6509
1045 1125 1441 1256 araucas
1849 1168 1919 1276 59

536 1418 706 1526 (ianuae
746 1426 967 1556 Princeps
1007 1347 1328 1528 Torremuzza
1361 1419 1532 1545 edidit,
1578 1413 1634 1557 r)
1672 1448 1760 1520 una
1780 1433 1924 1552 parte

533 1561 825 1712 pereleganti
850 1580 1059 1681 muliebri
1094 1585 1245 1708 capite
1275 1578 1620 1704 confignatum,
1662 1575 1748 1672 alia
1786 1601 1924 1702 pega·

350 1841 354 1848 ἱ
532 1731 599 1832 so.
675 1733 825 1858 Hujus
860 1738 981 1832 numi
1024 1761 1113 1832 non
1154 1729 1231 1829 ille
1271 1718 1563 1862 meminepit,
1609 1730 1687 1853 qui
1726 1724 1924 1826 adseruit

531 1959 566 2009 „
584 1881 907 2027 indubitatum,
942 1913 1101 1992 omnes
1135 1913 1219 1985 eos
1247 1879 1544 2030 Corinthum
1579 1875 1923 2010 rescribendum

518 2036 613 2162 ·qui
650 2031 825 2136 literam
854 2045 1081 2168 antiquam
1111 2033 1257 2165 Koph
1279 2033 1532 2165 impressam
1551 2031 1732 2150 habent.
1752 2109 1782 2156 „
1798 2036 1918 2134 Gra·

531 2187 680 2284 moris
706 2187 858 2286 adhuc
876 2191 1094 2315 ponderis
1119 2189 1183 2287 est
1201 2215 1359 2288 numus
1376 2203 1619 2316 argenteus
1642 2187 1780 2280 musei
1788 2191 1923 2282 Mea·

1940 1364 2175 1408 m

1956 1421 2147 1497 Taum

2035 1537 2088 1612 11.
2255 1651 2260 1660 .

534 2319 653 2435 diani
686 2329 733 2470 s)
782 2337 841 2438 fic
867 2339 1150 2473 descriptus:
1190 2366 1508 2441 arraaozmn.
1587 2333 1746 2466 Caput
1772 2335 1922 2437 Palla·
2125 2331 2128 2336 ’

535 2485 605 2587 dis
635 2487 873 2616 galeatum.
948 2491 1313 2628 XQPegaius.
1392 2487 1549 2592 Addo
1583 2491 1704 2620 saepe
1734 2485 1922 2615 laudati,

519 2639 609 2740 ded
642 2629 864 2770 nunquam
909 2648 1014 2749 satis
1044 2629 1272 2746 laudandi
1321 2646 1546 2775 Principis
1589 2645 1922 2746 Torremuzzae

516 2801 876 2911 audior'rtatem,
904 2806 985 2914 qui
1010 2803 1056 2888 in
1081 2792 1271 2914 epistola
1303 2794 1411 2887 Kal.
1450 2797 1570 2914 Maji
1609 2819 1924 2890 mmcccxxvr

534 2943 694 3037 adme
718 2940 825 3038 data
854 2937 1035 3038 scribit:
1064 2935 1282 3057 „Neque
1306 2944 1352 3032 in
1386 2966 1480 3033 uno
1516 2959 1691 3039 tantum
1728 2971 1831 3042 cum
1849 2971 1926 3044 ea·

534 3088 639 3188 dem
656 3089 801 3188 literae
819 3085 967 3219 Koph
985 3087 1128 3219 figura
1154 3086 1369 3218 scriptum
1386 3091 1539 3188 iuveni
1565 3120 1922 3218 arrnnozmm„

530 3239 612 3340 An
639 3237 843 3371 pluribus
872 3249 1023 3372 opus?
1062 3237 1224 3340 Habes
1250 3261 1456 3372 apertum
1490 3248 1539 3341 dc
1561 3243 1747 3371 plenum
1770 3277 1922 3375 popu·

531 3393 763 3494 linomen
795 3396 1072 3520 conjuntium
1100 3391 1286 3492 alterius
1305 3398 1463 3520 ‘partis
1498 3394 1726 3494 elemento
1763 3398 1926 3526 Koph:

533 3547 697 3650 Habes
728 3542 895 3684 (quod
934 3547 993 3649 ad
1027 3546 1223 3676 praesens
1258 3547 1500 3645 institutum
1549 3539 1751 3678 inprimie
1779 3544 1924 3666 facit)

524 3701 788 3804 Mcadiano
813 3702 858 3798 in
888 3721 1027 3802 numo
1055 3698 1214 3804 eadem
1250 3699 1441 3830 prorsus
1473 3701 1628 3830 -figna,
1666 3731 1772 3828 quae
1809 3699 1923 3800 offe·

533 3874 635 3952 runt
673 3859 737 3973 ii,
765 3880 958 3980 quorum
991 3858 1195 3986 patriam,
1214 3857 1496 3980 inquirimus,
1517 3883 1588 3986 ne
1612 3851 1800 3954 metallo
1826 3857 1923 3979 qui·

535 4003 644 4104 dem
681 4004 875 4128 diverso,
957 4004 1081 4142 Quid
1112 4003 1232 4106 ultra
1258 4004 1526 4104 desiderare«

686 4299 814 4400 Haec
858 4307 1072 4426 quamvis
1106 4300 1310 4404 sufficere
1349 4298 1516 4433 poffmt
1561 4295 1919 4428 comprobandae

534 4452 763 4560 sententiae
793 4455 978 4577 nostrae,
1009 4474 1160 4559 tamen
1178 4458 1311 4584 juvat
1329 4569 1331 4573 ¹
1349 4457 1507 4588 paucis
1532 4457 1642 4551 item
1667 4453 1918 4583 dispicere,

531 4633 587 4706 an
623 4609 758 4708 etiam
799 4612 939 4742 typi,
973 4615 1340 4713 &occurrentia
1380 4637 1466 4743 per
1502 4635 1661 4708 aream
1703 4608 1921 4733 attributa
2054 4697 2058 4702 ,

1101 4768 1231 4870 Ha
1479 4899 1482 4902 ⁴
1731 4788 1903 4889 quo·¹

529 5167 538 5182 .
582 5057 1278 5206 .r)agg.·1·11.uav,vu.nxx1vss
1335 5101 1377 5218 a)
1408 5111 1536 5219 23⁶·
1583 5073 1586 5078 .
