5242 6509
640 1103 780 1232 ’ψ
1170 1087 1567 1212 tranum
1703 1251 1706 1257 Ι

487 1377 672 1460 nasoni
707 1353 844 1504 geru's
872 1341 1065 1476 totidem
1095 1382 1141 1480 in
1168 1374 1404 1488 Thesauro
1440 1360 1838 1507 Br'andeburgico,
1868 1377 1911 1495 r)
1949 1353 2084 1482 unum

546 1486 596 1569 Π·
706 1517 904 1626 museum
935 1525 1231 1631 Meadianum
1249 1533 1471 1656 Londini,
1493 1525 1547 1648 k)
1580 1537 1628 1630 du
1650 1531 2012 1649 Pelleririanum,
2045 1525 2089 1670 l)

707 1683 829 1776 &ne
870 1677 1051 1806 longius
1087 1715 1173 1814 per
1206 1691 1422 1784 exoticos
1462 1693 1611 1786 Lares
1647 1712 1911 1816 vagemur,
1948 1683 2088 1784 talem

706 1838 818 1931 item
847 1831 1198 1932 cimeliarchium
1224 1833 1484 1946 Caesareum
1513 1838 1890 1960 vindobonense,
1928 1835 2085 1967 uulga-

592 2116 600 2128 ἱ
702 2001 803 2082 tum
825 1979 1001 2112 pridem
1031 2012 1058 2081 a
1086 1989 1159 2090 M.
1191 1985 1464 2120 Aegyptio,
1488 1986 1558 2125 m)
1588 2013 1725 2122 atque
1760 1996 1806 2089 in
1842 1989 1934 2090 hoc
1967 2019 2084 2117 prae·

706 2138 964 2235 stantiorem
992 2143 1182 2261 ceteriS,
1218 2143 1345 2267 quod
1379 2142 1657 2246 dimidiatum
1694 2143 1817 2244 urbis
1852 2166 2017 2234 nomen
2041 2146 2086 2232 in

705 2287 869 2386 aversa
906 2303 1097 2413 repetat.
1175 2291 1270 2386 Ex·
1293 2290 1364 2385 his
1385 2297 1547 2387 numis
1582 2294 1816 2420 perspicue
1853 2285 2106 2405 discimus,-

705 2469 764 2534 ra
785 2448 821 2577 φ
845 2437 967 2534 ulum
992 2438 1050 2536 ab
1074 2439 1375 2567 antiquiffimis
1407 2440 1691 2574 temporibus
1729 2435 1855 2541 luille
1892 2441 2091 2567 Syracu·

705 2589 819 2690 sanis
843 2587 1134 2714 familiarem,
1159 2610 1209 2692 ut
1231 2597 1277 2692 in
1301 2591 1429 2696 ltalia
1454 2593 1752 2698 Crotoniatis.
1831 2591 1879 2691 E
1907 2609 2086 2691 contra·
2188 2619 2197 2628 ·

708 2747 780 2842 n'o
817 2771 903 2842 nec
939 2747 1069 2842 unica
1105 2744 1350 2846 offenditur
1387 2745 1740 2872 Corinthiorum
1775 2742 1956 2844 indubia
1993 2773 2090 2843 mo·

709 2913 842 3009 neta,
864 2893 957 2988 hoc
981 2896 1156 3014 insignis
1181 2895 1465 3009 charadere3
1488 2927 1625 3016 quam
1650 2902 1771 2994 enlm
1794 2895 2025 3020 Haymius
2041 2889 2096 3024 u)

711 3039 933 3170 produxit
964 3065 1068 3139 cum
1093 3032 1380 3134 Achaeorum
1406 3057 1824 3166 monogrammate,
1856 3043 2094 3162 literisque
2232 3093 2238 3104 ·

712 3223 799 3329 per
823 3217 974 3293 aream
1009 3183 1222 3288 solitariis
1251 3183 1465 3311 Qonnm,
1494 3193 1676 3288 minime
1712 3185 1888 3286 constat
1925 3187 2090 3286 Corin·
2268 3319 2272 3326 Ι

713 3349 782 3450 thi
801 3346 1028 3476 fignatam.
1105 3343 1216 3442 Nec
1239 3343 1476 3468 Bayerum
1491 3340 1655 3461 audio,
1675 3345 1752 3468 qui
1775 3337 1893 3468 figlis
1915 3342 1969 3437 iis
1998 3356 2095 3437 tres

714 3502 840 3603 fimul
864 3493 1001 3594 urbes
1026 3492 1256 3614 diversas,
1282 3487 1588 3613 Corinthum,
1605 3494 1888 3624 Naupliam,
1913 3493 1962 3589 &
1987 3493 2095 3596 Me·

715 3644 971 3780 galopolim
1004 3643 1220 3770 defignari
1250 3645 1412 3744 censet.
1459 3642 1506 3782 ο)
1546 3645 1631 3746 Vir
1659 3666 1861 3746 ceterum
1895 3641 2097 3742 domina

715 3803 888 3932 insignis
913 3802 958 3895 in
979 3795 1261 3925 explicandis
1292 3795 1581 3898 Achaeorum
1604 3804 1752 3900 nurnis
1775 3794 2098 3898 Harduinismo

607 4021 614 4028 -
717 3961 896 4056 nimium
917 3949 1146 4078 indulget,
1183 3977 1466 4080 operamque
1495 3951 1672 4081 perdit,
1709 3952 1818 4083 dum
1855 3980 1882 4051 e
1919 3949 2109 4079 langulis
2234 3979 2237 3984 ·

718 4105 763 4206 in
788 4136 894 4206 area
917 4101 1064 4201 literis
1091 4105 1138 4198 du
1162 4099 1304 4229 figlis,
1331 4103 1489 4230 quibus
1519 4107 1799 4239 magistratus
1833 4101 2098 4200 verosimili·

720 4265 792 4357 t'er
817 4256 1094 4371 indicantur,
1128 4255 1280 4352 nescio
1302 4274 1417 4380 quot
1441 4261 1489 4350 δι
1516 4285 1629 4378 quas
1654 4252 1790 4348 urbes
1822 4250 1989 4346 elicere
2016 4242 2095 4345 ad·

726 4391 925 4532 laborat,
1001 4400 1178 4505 Unicus
1211 4433 1369 4507 numus
1399 4405 1490 4527 etl,
1534 4435 1563 4503 a
1594 4400 1837 4502 Pellerinio
1865 4397 2130 4528 vulgatus,¹

725 4743 2119 4783 *ww-4·

719 4901 725 4910 .
789 4841 954 4941 ninom,
982 4868 1014 4922 1.
1039 4869 1074 4942 p,
1104 4848 1205 4950 384.
1262 4827 1464 4938 k)1’·36.
1519 4829 1562 4938 l)
1595 4836 1722 4913 Addit.
1747 4861 1816 4914 aux
1841 4831 1942 4914 neuls
1963 4816 2049 4910 Vol·
2066 4852 2103 4930 p.

795 4951 865 5032 26.
928 4951 981 5049 m)
1013 4957 1160 5032 Senatus
1179 4953 1326 5032 consulti
1349 4953 1397 5027 de
1419 4951 1548 5035 Bacch,
1571 4947 1683 5053 Expl.
1704 4971 1739 5048 p.
1762 4953 1856 5037 181.
1911 4945 1958 5054 n)
1987 4949 2094 5030 Thel.
2161 4959 2168 4967 “

797 5069 885 5142 Brit.
908 5085 947 5144 u.
972 5086 1034 5150 11.
1058 5069 1142 5152 nab.
1158 5088 1256 5153 x11.
1270 5093 1303 5147 n.
1321 5078 1359 5156 2.
1385 5065 1457 5155 Ed·
1480 5065 1589 5150 vind
1646 5061 1690 5168 ο)
1720 5069 1918 5176 comment.
1941 5069 2087 5172 Person,

801 5184 911 5273 Tum.
931 5206 1012 5284 up.
1027 5195 1122 5286 372.
