5242 6509
661 1070 857 1177 ,²40
1207 1052 1668 1157 enuncia

490 1262 725 1311 a

493 1318 690 1399 Tantane
829 1356 832 1361 ¹
1344 1401 1349 1409 ,
1416 1315 1448 1379 9*

557 1434 645 1513 vu.
1306 1398 1339 1465 ²*
1524 1399 1557 1464 ¹*

546 1550 595 1627 N·
626 1566 666 1657 i·
749 1680 753 1691 ,
903 1596 1137 1667 ...uaeoc
1158 1560 1301 1665 literis
1326 1563 1608 1697 fugientibus,
1688 1568 1841 1697 Caput
1856 1566 2116 1667 laureatum.

734 1706 787 1847 )(
831 1746 911 1809 nn.
937 1702 1112 1825 Muiier
1139 1720 1351 1817 succintta
1383 1753 1421 1817 s.
1459 1718 1593 1821 hastae
1618 1726 1840 1820 innititur:
1872 1720 1931 1819 ad
1972 1720 2114 1847 pedes

733 1850 889 2117 gnis,
936 1873 979 1964 in
1017 1901 1123 2001 area
1156 1870 1496 2000 monogramma
1512 1904 1528 1995 3
1569 1882 1720 1973 omnia
1751 1880 1866 1974 intra
1896 1897 2114 1972 coronam

783 2044 949 2120 uream.
1039 2116 1045 2125 .

1861 2164 1988 2252 'nam
2017 2152 2087 2241 ιι.ἶ

887 2378 1033 2501 Hujus
1060 2376 1334 2475 numismatis
1365 2374 1628 2506 exemplum
1647 2374 1774 2477 dedit
1803 2372 1879 2473 Cl.
1905 2370 2115 2491 Eckhel‚

729 2524 788 2648 b)
816 2528 892 2631 sed
919 2535 1109 2658 petitum
1135 2558 1161 2624 e
1188 2544 1373 2627 moneta
1398 2526 1470 2628 tlt
1495 2530 1787 2628 Marchionis
1810 2529 2121 2651 savorgnani,

732 2714 871 2811 quam
906 2679 1029 2781 edax
1066 2700 1245 2813 tempus
1276 2678 1572 2779 vehementer
1602 2667 1789 2783 admit.
1867 2680 1991 2776 Hinc
2029 2675 2121 2778 illae

733 2840 1002 2963 conjediurae
1028 2861 1190 2963 parum
1215 2830 1357 2933 firmae
1383 2829 1442 2931 de
1464 2849 1736 2960 argumento
1771 2836 1912 2958 partis
1936 2826 2076 2929 avers
2111 2828 2143 2931 .“

733 2990 852 3079 Viro
892 2985 1083 3079 erudito·
1108 2980 1267 3077 mulier
1307 2981 1516 3114 objicitur
1552 2983 1708 3081 induta
1742 2985 1869 3080 veste
1902 2984 1962 3082 ad
1994 2980 2116 3081 talos
2125 3060 2137 3085 ,,

733 3130 904 3251 deflua,
926 3127 1210 3251 lugentisque
1235 3152 1366 3225 more
1388 3157 1566 3227 manum
1583 3132 1829 3250 attollens,
1855 3162 1993 3259 quam
2013 3132 2121 3232 Phi-³

736 3286 907 3387 lonoen
927 3284 1102 3415 potiuS,
1127 3278 1392 3377 Timandtae
1414 3309 1469 3380 ac
1488 3278 1684 3393 Helenae
1703 3278 1890 3381 famosae
1913 3284 2131 3409 sutorem

734 3442 979 3567 suspicatur
1005 3512 1019 3553 ‚
1057 3465 1192 3557 quam
1217 3434 1429 3537 Dianam.
1507 3436 1761 3538 Enimvero
1793 3440 1839 3536 in
1865 3435 1959 3535 hoc
1983 3466 2121 3538 numo

735 3590 821 3684 dea
845 3580 1069 3678 manifeste
1090 3584 1387 3701 succingitur,
1421 3586 1469 3673 dt
1498 3578 1659 3675 sinistra
1687 3590 1858 3680 sublata
1891 3610 2016 3681 tenet
2039 3592 2117 3678 ha·

619 3860 623 3867 ¹
724 3728 856 3834 itam.
935 3723 1057 3863 Quid
1077 3728 1268 3853 igitur?
1330 3728 1529 3825 Dianam
1562 3754 1729 3855 nempe
1759 3755 1858 3862 puae
1893 3719 2116 3822 Philonoe
2189 3790 2193 3799 -

735 3884 949 4015 adopto?
978 3880 1079 3980 Imo
1105 3898 1338 4003 neutram,
1376 3877 1454 3979 sed
1480 3880 1805 3999 Britomartin,
1842 3875 1902 3977 de
1939 3905 2028 4004 qua
2061 3878 2120 3974 fic

735 4040 834 4144 fere
858 4034 1149 4167 Mythologi.

889 4332 1010 4423 Erat
1054 4333 1346 4432 Britomartis
1375 4332 1508 4455 Jovis
1538 4335 1586 4421 du
1621 4327 1847 4421 Charmes
1874 4320 1989 4443 filia,
2014 4342 2117 4428 tota

719 4473 945 4615 ‘currendi
964 4476 1243 4601 venandique
1262 4477 1409 4574 studio
1431 4472 1615 4620 dedita?
1638 4472 1835 4601 ideoque
1850 4474 2011 4575 Dianae
2025 4495 2121 4577 tam

729 4618 867 4755 eata,
896 4647 947 4733 ut
973 4628 1051 4728 suo
1076 4627 1375 4727 contubernio
1404 4623 1587 4753 dignam
1613 4646 1857 4756 reputaret.
1939 4630 2115 4729 Minois

1937 4776 2051 4880 Cre·
2276 4864 2280 4872 .

799 5100 845 5208 b)
875 5106 982 5188 Num.
1003 5122 1083 5182 vet.
1105 5119 1146 5183 τ.
1166 5124 1266 5179 vau.
1286 5126 1321 5187 n.
1344 5112 1412 5207 25..
