5242 6509
955 1019 1486 1134 nvnoaaam
1837 1052 1904 1154 Q

524 1319 693 1439 ianka‘,
722 1342 813 1442 qno
842 1307 1008 1412 dirette
1047 1311 1215 1410 ducunt
1245 1307 1406 1406 statuta
1436 1305 1481 1398 in
1520 1293 1700 1402 Tabula
1729 1295 1910 1398 Peutin·
1933 1287 2159 1388 W

472 1478 737 1600 .··geriana‚
773 1497 828 1566 ac
858 1466 1095 1564 itinerariis
1125 1466 1344 1588 Margum
1374 1461 1573 1554 inter&
1610 1458 1912 1552 Viminacium
1997 1427 2068 1504 ¹¹¹·

529 1657 644 1723 ma.
674 1659 721 1723 x·
748 1648 942 1745 cumque
974 1615 1172 1721 Danubii
1201 1641 1391 1740 magnus
1414 1607 1477 1709 ibi
1504 1607 1651 1707 flexus
1677 1607 1755 1725 fit,
1774 1613 1911 1733 eique

527 1775 696 1905 angulo
729 1774 1025 1872 Viminacium
1051 1767 1288 1888 insederit,
1315 1780 1468 1895 patet,
1501 1789 1583 1860 cur
1609 1761 1790 1858 historia
1811 1759 1909 1858 Mi·

505 1929 638 2026 ⁴scel:
674 1919 726 2061 rr)
762 1925 942 2024 insulam
987 1927 1139 2054 magni
1177 1921 1274 2020 Istri
1297 1947 1335 2039 ,,·
1371 1921 1433 2014 &⁴
1457 1911 1812 2043 Theophilatius
1857 1907 1908 2029 ο)

522 2111 642 2179 ωπον
666 2107 758 2201 resp
794 2105 856 2172 τα
886 2069 1046 2200 &amau
1077 2105 1142 2170 ra
1172 2103 1267 2196 rega
1293 2086 1451 2168 vocet.
1539 2067 1725 2167 Notitia
1759 2067 1905 2192 impe·

440 2331 446 2338 ,
524 2235 579 2326 rii
598 2259 661 2330 eo
690 2227 893 2326 collocat
930 2223 1109 2323 classem
1147 2225 1367 2339 iliricum,
1393 2241 1674 2344 cuneumque
1704 2194 1906 2344 equitum

523 2399 870 2512 promotorum:
907 2376 1188 2480 Ptolemaeus
1216 2374 1457 2504 legionem.

674 2703 794 2798 Haec
816 2698 877 2796 de
898 2702 1156 2794 Viminaeio
1182 2702 1446 2820 generatim.
1521 2691 1675 2791 Unum
1697 2695 1906 2821 superest,

516 2849 651 2974 quod
688 2874 910 2944 moneam.
998 2843 1114 2967 Ejus
1150 2843 1272 2942 urbis
1307 2844 1435 2940 iatum
1470 2871 1498 2938 a
1542 2843 1747 2944 Cellario
1783 2853 1903 2945 rene

520 2997 752 3098 definitum
788 2994 996 3096 vidimus.
1077 2992 1252 3096 Tamen
1287 2992 1411 3124 apud
1447 2991 1640 3094 eundem
1665 2987 1725 3131 p)
1761 2997 1901 3127 paulo

518 3151 620 3281 post
664 3147 863 3272 legitur:
910 3145 1261 3267 „Viminacium
1298 3145 1474 3279 (quod
1510 3147 1677 3248 Wadin
1716 3156 1901 3278 putatur

519 3291 697 3432 effe.)·„
723 3291 849 3436 Quis
879 3291 958 3396 fibi
987 3298 1275 3427 persuadeat,
1305 3298 1558 3397 Ceiiarium
1582 3297 1701 3396 adeo
1726 3300 1789 3395 sui
1819 3301 1900 3399 ob·

518 3453 679 3576 litum,
713 3470 762 3546 ut
791 3453 892 3580 post
919 3451 1094 3576 aliquot
1130 3456 1316 3581 paginas
1343 3470 1435 3550 tam
1462 3428 1657 3578 turpiter
1684 3449 1762 3551 srbi
1792 3481 1899 3552 con·-

518 3604 793 3705 tradiceret?
822 3601 982 3732 Itaque
1011 3603 1113 3702 Viri
1138 3605 1450 3704 accuratiffimi
1483 3599 1651 3700 honori
1682 3635 1784 3706 cum
1814 3633 1897 3706 ve·

515 3757 592 3854 lim
635 3757 915 3878 consultum,
959 3757 1251 3886 Popowitsro
1307 3756 1466 3856 lubens
1510 3751 1763 3876 adsentior,
1818 3765 1898 3884 qui

507 3903 663 4000 verba
685 3907 761 4000 iila
794 3907 951 4006 lunulis
977 3909 1175 4029 inclusa,
1209 3909 1267 4009 ab
1297 3909 1485 4037 insipido
1519 3915 1780 4005 coneuore
1813 3939 1898 4038 pu·

508 4070 584 4152 tat
605 4053 727 4155 maie
753 4053 912 4159 insuta.
936 4053 988 4192 q)

607 4389 610 4396 ·
660 4351 802 4450 Nunc
837 4331 1028 4482 propius
1061 4347 1119 4448 ad
1161 4379 1336 4456 numos,
1436 4349 1623 4458 Horum
1656 4351 1791 4460 dives
1828 4308 1894 4466 est

507 4501 833 4621 Viminacium,
859 4523 1024 4634 utpote
1057 4521 1182 4608 nonu
1215 4539 1410 4641 αςχαια,
1449 4509 1558 4611 urbs
1594 4514 1815 4639 antiqua„
1834 4517 1894 4619 se·

511 4651 706 4758 cundum
734 4655 1041 4788 Procopium:
1074 4663 1122 4757 δι
1147 4678 1273 4766 nonu
1299 4683 1522 4796 λαμπςα,
1553 4664 1661 4768 urbo
1693 4667 1901 4798 magun.

819 4821 825 4872 ·'
1095 4809 1162 4906 M·
1201 4843 1228 4939 3
1669 4824 1672 4827 “
1715 4849 1812 4946 ca„

562 5153 612 5264 q)
644 5161 742 5242 Vom
761 5163 955 5250 Moerus.
976 5177 1073 5258 208.
1151 5165 1154 5174 ’
