5242 6509
1035 1108 1448 1216 rancun.—
1834 1130 1968 1244 47*

530 1383 656 1488 mum
703 1414 869 1488 nomen
911 1411 1059 1489 muru
1107 1387 1412 1518 exprimunt,
1478 1383 1587 1488 milri
1621 1383 1804 1514 quidem
1844 1388 1909 1490 ita
1930 1325 2165 1459 W

535 1542 705 1663 visum,
745 1565 796 1642 ut
827 1539 917 1641 hos
949 1542 995 1640 ln
1027 1537 1251 1660 Siciliam,
1286 1546 1333 1638 in
1370 1541 1588 1641 Atticam·
1617 1539 1724 1642 illos
1759 1568 1910 1638 remo-
2024 1485 2084 1590 Η·
2176 1555 2180 1561 ’

534 1691 715 1796 vendos
741 1697 962 1822 censeam.
1051 1694 1339 1836 Praecipuum
1381 1709 1695 1824 argumentum
1730 1722 1760 1796 e
1790 1692 1911 1817 sym·

533 1844 656 1945 bolis
688 1867 864 1977 repeto.
952 1878 1235 1952 marinianu
1281 1845 1482 1974 inscripti
1524 1843 1734 1978 adposito
1772 1847 1910 1952 inter·

532 1997 644 2098 dum
681 2003 961 2126 magistratu,
991 2000 1088 2102 fere
1125 1995 1395 2132 Apollinem
1414 1999 1603 2126 latiam,
1627 2028 1682 2104 ac
1706 2004 1751 2102 in
1775 2025 1907 2104 aver·

527 2146 572 2249 sa
609 2145 870 2272 citharam,
907 2147 960 2284 q)
1001 2167 1151 2282 typos
1180 2149 1448 2256 adludentee
1478 2145 1539 2256 ad
1574 2149 1700 2253 urbis
1732 2141 1911 2252 incunass

532 2299 650 2404 bula.
728 2303 847 2408 Erat
881 2307 1000 2402 enim
1038 2307 1134 2434 ejus
1164 2300 1378 2406 conditor
1413 2301 1639 2432 Megarus
1665 2331 1729 2406 ex
1761 2317 1913 2406 mente

533 2453 822 2580 quorundam
858 2455 973 2557 lilius
1004 2452 1275 2590 Apollinis,
1309 2483 1457 2583 aquo
1483 2451 1765 2562 Alcathoum
1796 2482 1912 2579 quo·

528 2615 710 2738 quein
755 2607 1051 2715 restaurandis
1097 2607 1221 2717 urbis
1263 2607 1491 2716 moenibus
1536 2606 1737 2735 adjutum
1788 2601 1915 2716 fuine

532 2760 818 2891 perhibent·
866 2761 1060 2856 Cithara
1089 2779 1143 2856 nt
1174 2759 1392 2882 Apollini
1421 2750 1579 2886 suapte
1612 2763 1919 2882 connectitur3

534 2918 598 3009 ita
656 2902 1003 3034 Megarensibus
1047 2903 1222 3010 Atticis
1263 2904 1509 3031 peculiaris
1554 2905 1757 3006 miraculi
1787 2905 1918 3010 causa

538 3061 703 3160 extitit.
784 3055 964 3156 Narrat
987 3051 1247 3175 Pausanias,
1283 3049 1335 3172 r)
1373 3057 1419 3161 in
1454 3082 1614 3154 eorum
1645 3081 1756 3165 arce
1780 3055 1912 3179 stetis·

530 3209 576 3310 se
618 3203 845 3335 lapidem,
876 3201 1011 3336 super
1047 3235 1144 3335 quo
1186 3201 1406 3344 citharam
1446 3203 1662 3338 deposuit
1701 3206 1917 3335 Apollo,
2109 3300 2113 3308 .

534 3358 717 3490 quando
752 3386 912 3466 muros
942 3356 1148 3462 molienti
1171 3355 1415 3470 Alcathoo
1448 3359 1569 3462 suam
1600 3375 1703 3464 erat
1729 3386 1921 3493 operam

537 3505 810 3650 navaturus,
842 3535 1037 3642 eumque
1067 3511 1294 3645 lapidem,
1328 3511 1479 3634 addit,
1517 3501 1577 3611 ab
1609 3507 1707 3616 hoc
1739 3500 1921 3640 tempo·

536 3692 592 3764 re
635 3663 666 3763 fi
713 3661 839 3768 forte
874 3665 1066 3802 calculo¹
1088 3669 1308 3799 projetio'
1334 3664 1479 3768 suiliet
1523 3670 1691 3788 tanus,
1735 3661 1922 3768 similem

537 3813 727 3916 citharae
773 3835 914 3918 motae
958 3820 1151 3932 sonitum
1200 3815 1396 3925 edidille,
1485 3807 1683 3926 Huc&
1721 3815 1935 3922 Ovidius·

536 3956 586 4096 r)
631 3967 857 4094 respexit,
890 3968 999 4067 dum
1026 3979 1216 4080 cecinit:

612 4156 771 4281 Regia
811 4163 949 4257 turris
983 4177 1083 4260 erat
1110 4159 1353 4264 vocalibus
1387 4155 1542 4264 additu
1568 4167 1738 4284 muris,

614 4304 855 4434 inquibus
890 4326 1092 4412 auratam
1148 4301 1310 4444 proles
1340 4319 1537 4418 Maenia
1562 4312 1706 4416 fertur
1915 4429 1920 4438 ,

619 4455 884 4594 Deposuiffe
921 4460 1107 4604 lyram„
1164 4467 1297 4596 Sanco
1325 4470 1458 4574 sonus
1479 4468 1575 4595 ejus
1588 4467 1778 4591 ‚ulnaelm

830 4691 836 4698 -
1749 4623 1844 4730 Sae-
1912 4726 1917 4735 .

586 5027 630 5130 q)
657 5033 816 5114 Pellerin
848 5037 939 5112 Rec.
969 5059 1011 5116 a.
1043 5060 1077 5124 1.
1100 5047 1147 5141 pl·
1170 5052 1562 5157 xx111.n.23.&24.
1592 5052 1630 5158 r)
1657 5052 1807 5136 Atelila
1833 4996 1939 5150 mp.ae

592 5161 688 5225 101·
743 5141 786 5258 a)
815 5153 971 5236 Metina
990 5161 1185 5239 navtur.
1645 5168 1649 5175 ’
