5242 6509
914 1098 1528 1173 nvuoauum-
1795 1092 1894 1197 IQ

527 1368 583 1439 ca
608 1338 885 1440 celebranda.
972 1340 1173 1473 Templo
1193 1344 1326 1441 etiam
1348 1338 1407 1440 ab
1432 1339 1486 1435 iis
1509 1335 1782 1437 honoratum
1803 1332 1902 1467 fuis·⁴
1937 1340 2118 1413 raam

526 1493 600 1612 se,
628 1490 925 1617 Thucydides
949 1492 1098 1593 refert.
1160 1498 1332 1617 Neque
1349 1488 1561 1591 Bacchus
1585 1491 1772 1601 vicisim
1802 1486 1902 1586 offr·
1985 1450 2106 1659 Q
2262 1542 2265 1549 ν

526 1648 600 1739 cio
623 1645 704 1741 suo
725 1640 893 1763 defuit,
926 1644 1002 1742 sed
1023 1642 1277 1744 hominibus
1301 1643 1419 1742 adeo
1443 1642 1521 1739 fibi
1543 1640 1735 1743 devotis
1765 1666 1927 1767 geue-0

525 1793 613 1889 rost
653 1797 744 1891 viui
764 1821 947 1893 munere
976 1796 1169 1924 amplas
1213 1795 1398 1893 divitias
1461 1791 1669 1891 reddidit.
1751 1787 1904 1894 Athe·

524 1970 625 2039 nato
663 1941 829 2042 dicitur
862 1977 1127 2075 χαριεςατος
1170 1940 1206 2043 d
1232 1976 1326 2049 orror
1365 1978 1419 2049 εις
1449 1961 1689 2043 auduram
1714 1938 1734 2039 ὁ
1755 1972 1904 2065 utetu-

526 2120 667 2212 ςαιος,
693 2096 766 2191 seu
796 2095 1099 2223 Corcyraeum
1123 2105 1276 2195 vinum
1314 2115 1450 2197 vetus
1482 2091 1843 2217 jucundissimum.
1857 2117 1861 2200 j
1876 2163 1907 2207 „

523 2235 615 2333 Et.
635 2240 904 2366 Xenophon
942 2274 1102 2345 eorum
1135 2268 1330 2366 orturus,
1388 2249 1465 2346 seu
1514 2242 1655 2343 cellas
1709 2245 1907 2341 vinarias

528 2388 832 2489 commendat*

1082 2698 1402 2840 uffa

607 3116 609 3121 ,
684 3032 758 3105 au
803 3001 975 3123 Diota,
1001 3008 1072 3103 cui
1108 3004 1270 3107 botms
1300 3009 1591 3145 immmet.)(
1627 3038 1794 3147 auara
1828 3028 1907 3113 aut

527 3181 679 3255 aurat
699 3154 826 3283 supra
854 3154 1082 3255 dimidiam
1119 3188 1295 3261 navem.

1630 3308 1744 3385 'rum
1774 3310 1847 3388 nt.

672 3580 730 3679 N
730 3608 789 3677 ou
811 3581 943 3680 aliam
973 3588 1085 3681 novi
1103 3584 1283 3687 insulam
1303 3588 1383 3689 vel
1413 3588 1593 3710 urbem
1620 3619 1723 3717 quae
1747 3628 1902 3699 mone·

520 3745 592 3825 tas
629 3730 727 3829 suas
750 3750 843 3833 tam
869 3738 1020 3865 varie,
1038 3740 1330 3865 inscripserit,
1366 3743 1747 3867 quemadmodum
1778 3752 1900 3871 Cor·
1949 3746 1952 3751 ’
2034 3772 2047 3794 ’·

520 3900 639 3994 cyra
658 3880 803 4002 Jonia.
881 3886 1074 4005 Legeris
1097 3919 1417 3987 normarum.
1438 3926 1667 3997 trorum.
1696 3935 1898 4004 xorxrr.

515 4048 660 4117 uoru.
685 4055 788 4121 uua.
811 4056 891 4123 xo.
922 4030 1115 4153 denique
1138 4036 1281 4132 solam
1300 4038 1478 4135 literam
1501 4074 1548 4135 x.
1586 4044 1720 4170 Saepe
1739 4077 1899 4145 mono·
1949 4110 1966 4135 0

516 4189 770 4301 grammate
793 4180 869 4279 usa
898 4193 1101 4300 tantum,
1126 4178 1204 4281 sed
1227 4213 1374 4312 neque
1404 4190 1568 4289 iuhoc
1596 4193 1674 4294 fibi
1700 4204 1896 4323 constat,

514 4342 619 4417 uam
645 4310 767 4443 est&
795 4326 845 4458 β
868 4329 1124 4453 promiscue
1151 4332 1363 4436 adhibuit.
1443 4343 1672 4445 Posterius
1691 4352 1898 4472 quando·

517 4494 607 4589 que
637 4465 708 4581 bis
743 4484 934 4578 recurrit
963 4481 1128 4581 eodem
1159 4490 1203 4582 in
1235 4516 1402 4612 numo,
1438 4501 1543 4621 quin
1580 4504 1716 4596 etiam
1747 4508 1792 4598 iu
1821 4536 1897 4602 ea·

516 4616 620 4718 dem
643 4628 763 4723 numi
793 4624 937 4753 facie,
971 4625 1026 4769 tt)
1062 4639 1189 4764 quod
1214 4649 1330 4744 citra
1356 4645 1619 4766 exemplum
1647 4651 1722 4750 eit
1800 4656 1895 4749 Va·

1713 4827 1822 4925 gan·

1147 5090 1263 5192 Bb
