5242 6509
890 983 1466 1121 vli-VRO-l’AisA·
1783 1033 1881 1114 [οῙ

493 1283 657 1396 ¹cludit
671 1285 893 1386 Coloniae'
907 1315 1065 1387 annus
1085 1303 1167 1383 'vn
1195 1317 1330 1414 quern
1363 1318 1464 1390 rnea
1486 1303 1668 1388 moneta
1699 1291 1892 1417 ingenue
1915 1272 2145 1402 ΤἯΓΠ

512 1435 709 1557 fatetur,
755 1442 919 1540 exesus
956 1445 1001 1538 iu
1044 1440 1367 1542 Froelichiana.
1453 1441 1724 1572 Respondet
1755 1469 1894 1540 annus
1982 1443 2052 1524 111.
2096 1571 2101 1578 ‚

430 1663 435 1674 ι
518 1592 738 1692 Coioniae
762 1593 915 1709 sextus
942 1594 1146 1724 Philippi
1171 1597 1401 1717 regnantis
1426 1594 1650 1714 secundo,
1674 1619 1768 1719 quo
1786 1621 1895 1692 non·
2002 1577 2008 1602 ²

513 1746 622 1847 durn
666 1744 911 1874 Carpicum
940 1745 1114 1848 bellum
1156 1743 1357 1863 exarsit,
1408 1752 1657 1845 excitatum
1701 1743 1897 1868 denique

361 2019 363 2022 Ι
423 1969 427 1982 .
518 1895 697 1995 duobus
733 1905 855 1998 annis
881 1902 999 2032 post.
1077 1898 1161 1997 Ad
1180 1933 1183 1940 ⁴
1205 1895 1307 2020 haec
1351 1894 1491 2024 figura
1542 1895 1757 2025 paludata
1791 1894 1898 1997 Phi·

516 2048 671 2173 lippus
714 2047 839 2146 silius
866 2057 969 2168 esi,
1017 2053 1122 2176 quia
1158 2045 1336 2145 vultum
1366 2047 1613 2148 imberbem
1645 2077 1700 2142 ac
1728 2053 1899 2169 Juverri-

516 2197 607 2296 lenr
635 2195 821 2299 simulat.
880 2202 941 2300 Ei
966 2202 1130 2316 Pater,
1154 2200 1308 2322 sopito
1337 2197 1461 2297 bello
1488 2195 1673 2298 Persico
1698 2197 1907 2330 Romani

523 2347 826 2472 contendens,
854 2355 900 2450 in
920 2339 1081 2451 itinere
1101 2352 1337 2477 imperium
1357 2351 1723 2490 conmunicavit.
1773 2349 1903 2451 Utri-

494 2493 667 2625 usque
712 2503 906 2627 proinde
947 2503 1197 2605 honoribus
1238 2497 1355 2600 hunc
1397 2507 1580 2605 numuni
1619 2501 1905 2604 consecravit

519 2651 861 2754 Viminacium..

1193 2939 1227 2999 ff

1077 3025 1118 3091 ἅ
1300 3027 1336 3094 fi

683 3227 1229 3358 1Mu.cnasssc.Mns.Q.
1258 3276 1461 3373 necrus.
1491 3277 1532 3339 r.
1565 3267 1619 3340 n:
1640 3245 1758 3341 nvo.
1787 3245 1904 3342 Tra·
1983 3246 2031 3325 N·
2062 3264 2101 3344 7·

483 3481 486 3488 ,
520 3393 612 3518 jani
651 3395 792 3492 Decii
824 3394 1026 3518 laureata
1059 3411 1288 3522 protome.
1326 3383 1403 3535 )(
1536 3425 1641 3494 cor.
1667 3429 1791 3494 vrnr.
1819 3393 1907 3494 nri.

528 3575 600 3650 xn
649 3541 865 3646 Coloniae
888 3547 1041 3674 genius
1065 3543 1295 3648 muliebris
1313 3552 1431 3649 inter
1451 3546 1632 3650 leonem
1658 3553 1705 3644 &
1731 3564 1909 3645 taurum

526 3697 573 3799 d.
601 3699 835 3827 protendit
856 3727 1043 3820 ramum,
1079 3690 1385 3828 s.'oblongum
1410 3704 1637 3832 sceptrum
1669 3716 1816 3824 tenet,
1841 3703 1913 3797 cui

534 3848 787 3950 victoriosa
815 3852 963 3950 insistit
982 3881 1086 3952 cum
1106 3853 1247 3953 solitis
1271 3851 1507 3952 attributis,

1681 4027 1797 4122 ndu
1828 4038 1862 4122 1,
1898 4156 1901 4162 .

690 4317 823 4450 „Ob
873 4322 1065 4423 inertem
1100 4317 1302 4454 Philippi
1338 4324 1590 4426 socordiam
1627 4331 1672 4426 in
1710 4298 1920 4432 omnibuis

539 4479 719 4608 (verba
751 4472 923 4574 Zosimi
957 4471 1087 4592 sunt)
1117 4475 1307 4605 Scythae
1328 4481 1501 4583 Tanain
1535 4483 1815 4605 transgressi,
1849 4493 1918 4582 vi·

542 4635 640 4732 cina
673 4627 887 4736 Thraciae
916 4627 1024 4737 loca
1058 4617 1228 4760 praedis
1253 4638 1442 4764 agendis
1469 4630 1769 4752 infestabant,
1802 4662 1921 4759 quos

546 4781 771 4913 aggresus
806 4781 1008 4908 Decius,
1039 4785 1086 4874 &
1117 4784 1327 4882 omnibus
1357 4783 1530 4916 praeliis
1556 4783 1781 4917 superior,
1805 4815 1920 4917 prae·
