5242 6509
940 1088 1513 1164 uvnounnm
1766 1067 1868 1202 ma

512 1403 523 1429 .
658 1332 810 1467 Caput
846 1332 1106 1434 laureatum
1132 1331 1185 1468 )(
1218 1368 1287 1439 on
1321 1333 1382 1468 β.
1412 1326 1625 1462 Pegasus.
1671 1324 1879 1456 Begerus

507 1476 641 1586 Thes
670 1488 838 1593 Brand.
863 1524 908 1587 n.
931 1522 960 1586 r.
979 1516 1021 1616 p.
1044 1518 1168 1614 442.

658 1778 793 1878 Suum
818 1778 1087 1879 Pellerinius
1111 1781 1227 1875 inter
1261 1779 1448 1905 ignotos
1465 1768 1679 1892 exhibet,
1697 1770 1885 1901 Corcy-

330 1932 332 1941 ’
510 1958 576 2029 rae
600 1948 750 2028 tamen
776 1930 929 2032 flatum
957 1933 1213 2061 suspicatur.
1301 1926 1444 2027 Alter
1459 1926 1518 2025 ab
1538 1932 1720 2025 auctore
1749 1924 1887 2021 musei

510 2076 747 2181 Pembrok
775 2082 1033 2212 Agrigento
1066 2087 1111 2178 in
1141 2080 1291 2179 Sicilia
1324 2078 1544 2177 tribuitur.
1606 2078 1793 2171 Tertius
1820 2080 1888 2171 vi-

512 2230 645 2331 detur
663 2231 941 2359 Spanhemio
966 2234 1194 2329 Theronis
1220 2230 1392 2327 honori
1414 2228 1650 2326 dedicatus
1675 2223 1733 2322 ab
1751 2222 1890 2355 Agri·

516 2390 717 2509 gentinis.
794 2384 1001 2513 Begerus
1033 2397 1243 2507 quartum
1275 2382 1401 2479 Paro
1423 2378 1598 2504 insulae,
1618 2376 1892 2507 postremum

517 2530 665 2634 'i'heae
690 2530 1031 2635 Corinthiorum
1054 2534 1252 2635 coloniae
1271 2528 1495 2633 adscribit.

666 2831 756 2931 Me
772 2828 902 2953 quod
922 2804 1111 2948 attinet,
1139 2826 1405 2953 Corcyram
1420 2827 1538 2959 Jonii
1560 2824 1747 2961 maris(
1757 2823 1897 2937 hodie

518 2978 773 3099 Corsou‚)
821 2979 1016 3107 spesiare
1054 3006 1214 3075 omnes
1253 2975 1423 3100 judico.
1499 2981 1569 3079 Et
1601 2978 1897 3109 suffragantur

1901 1261 2132 1313 ..··-··-·-·....

1920 1342 2102 1401 ΤΑΒνΒΔ

1979 1441 2047 1515 vt.

1964 1557 2109 1649 N.4.·
2238 1586 2242 1593 ·

516 3139 750 3255 utriusque
778 3134 921 3261 partis
946 3126 1164 3259 symbola·
1246 3128 1422 3229 Bacchi
1447 3126 1647 3230 honores
1672 3162 1757 3260 per
1795 3163 1898 3232 eam
2059 3252 2070 3277 ἴ

514 3282 695 3382 insulam
725 3286 881 3382 summi
906 3279 1055 3398 fuere,
1078 3304 1131 3375 ut
1155 3279 1366 3377 omnibus
1389 3297 1573 3399 notum;
1605 3286 1653 3375 dr
1684 3284 1900 3407 pegasum
2035 3356 2045 3371 .

513 3439 560 3527 in
585 3454 777 3559 argento
808 3434 1074 3560 Corcyraeo
1108 3428 1348 3527 volantem
1377 3430 1661 3558 conspicatus
1686 3431 1751 3529 est
1779 3436 1899 3558 pari·

515 3604 591 3680 ter
612 3582 876 3684 Echhelius.
900 3582 968 3719 y)
1006 3579 1099 3685 Sed
1119 3601 1429 3711 argumentum
1444 3581 1729 3683 firmissumum
1749 3612 1811 3686 ex
1833 3585 1898 3685 in·

515 3735 832 3861 scriptionibus
852 3754 979 3865 peto,
1050 3738 1099 3835 Si
1118 3764 1283 3863 nempe
1322 3754 1747 3863 monogrammata,
1775 3734 1898 3839 hisce

518 3888 658 3975 numis
684 3886 968 4005 consignata,
1002 3885 1142 4014 paulo
1173 3892 1386 3990 attentius
1409 3887 1724 4006 considerare,
1758 3903 1899 4010 atque

519 4033 638 4127 inter
664 4032 709 4127 se
734 4058 1014 4161 componere
1038 4032 1173 4151 libet,
1207 4033 1303 4133 duo
1336 4043 1383 4132 in
1413 4034 1620 4160 quolibet
1650 4065 1788 4133 numo
1817 4033 1899 4141 de⁴

517 4178 864 4311 prehendimus,
897 4209 1091 4307 quorum
1110 4186 1273 4281 uariat
1306 4212 1476 4309 unum,
1519 4186 1640 4288 aliud
1677 4206 1899 4321 perpetua

519 4332 625 4455 lege
662 4330 798 4431 adest.
871 4324 1032 4459 Itaque
1067 4362 1131 4434 ex
1168 4334 1376 4459 solenni,
1409 4347 1665 4469 cunctisque
1694 4340 1900 4447 Erudit'rs

523 4480 726 4610 probato
747 4512 918 4583 canone
946 4515 1140 4615 pronum
1162 4490 1226 4591 est
1255 4488 1513 4613 deducere,
1532 4493 1643 4591 illud
1674 4494 1902 4621 magistra·

522 4651 633 4761 tus,
670 4632 764 4736 hoc
785 4634 907 4739 urbis
931 4666 1097 4745 nomen
1123 4642 1338 4747 indicare·
1414 4643 1554 4779 Quod
1581 4643 1614 4739 sr
1640 4670 1733 4742 non
1753 4642 1873 4777 fallit
1882 4716 1901 4768 ,

655 4818 658 4827 Α
1279 4808 1283 4813 -
1751 4822 1827 4897 ne,

395 5161 399 5169 ·
497 5062 524 5209 Δ,
563 5068 1177 5227 ,rhiumvehzytnmm
1345 5085 1351 5095 δ
1540 5075 1543 5082 ⁸
1617 5094 1621 5103 ’
