5242 6509
959 1083 1518 1225 eunoenna
1850 1103 1953 1211 affl

1040 1224 1045 1235 ¹
1257 1226 1260 1233 Ι
1564 1244 1586 1279 Q

496 1408 501 1415 ·
578 1372 622 1467 in
659 1365 805 1495 specie
833 1358 1084 1465 Corinthus
1119 1362 1326 1484 bimariS,
1358 1363 1423 1458 uti
1454 1360 1612 1457 Poetis
1648 1385 1675 1456 a
1708 1351 1789 1456 situ
1816 1380 1959 1456 voca·

576 1540 661 1619 tur.
704 1510 736 1577 ²*
795 1518 1103 1651 Tristiffimnm
1131 1520 1225 1644 ejus
1261 1517 1384 1615 urbis
1408 1510 1554 1613 satum
1585 1540 1722 1621 nemo
1752 1513 1840 1633 est,
1871 1518 1949 1637 qui

570 1678 765 1803 ignoret.
800 1748 807 1755 -
844 1678 897 1777 A
923 1676 1144 1775 Romanis
1167 1692 1325 1802 capta,
1359 1672 1563 1800 direpta,
1581 1668 1948 1809 prostrata‚quae

568 1848 699 1931 antea
735 1835 874 1931 totius
906 1829 1104 1926 Graeciae
1132 1826 1281 1926 lumen
1311 1823 1426 1943 fuit,
1472 1824 1628 1954 postea
1659 1820 1744 1919 suis
1777 1818 1950 1966 sepulta

570 1974 706 2083 ruinis
734 1984 903 2083 tamdiu
932 1982 1133 2096 delituit,
1182 1978 1332 2078 donec
1356 1978 1481 2077 fimul
1511 2006 1615 2077 cum
1643 1974 1948 2105 Carthagine,

569 2166 672 2257 quae
698 2136 887 2251 eodem,
927 2164 1022 2258 quo
1055 2129 1331 2250 Corinthum
1371 2126 1570 2255 concidit
1598 2154 1745 2247 anno,
1775 2156 1802 2229 a
1827 2124 1947 2255 Jullo

568 2286 749 2386 Caesare
780 2282 1042 2401 instaurata,
1084 2290 1133 2379 &
1158 2282 1357 2383 Colonia
1378 2285 1588 2383 Romana
1601 2278 1718 2380 latia
1746 2280 1839 2384 est,
1864 2278 1946 2381 Ab

569 2464 627 2531 eo
661 2450 869 2565 tempore
899 2463 1138 2533 numorum
1178 2451 1270 2534 tam
1297 2434 1431 2535 dives
1465 2435 1555 2557 est,
1584 2462 1720 2561 quam
1749 2462 1947 2565 pauper,

568 2582 674 2683 dum
700 2584 847 2688 adhuc
869 2584 1109 2687 incolumis
1139 2588 1287 2708 stetit,
1315 2585 1442 2713 quod
1475 2587 1689 2719 prodigio
1720 2616 1813 2685 non
1836 2586 1945 2687 abn-

566 2722 672 2836 mile
704 2739 902 2867 uidetur.
992 2736 1207 2833 Golziani
1246 2744 1371 2837 numi
1407 2740 1599 2869 suspeei.
1675 2742 1946 2871 Argenteos

533 2886 537 2891 ’
565 2916 670 3028 ¹cnm
697 2884 913 3007 Pallade,
938 2886 1108 3016 pegaso
1127 2893 1175 2985 δι
1194 2883 1256 3011 Q,
1293 2922 1357 2991 ex
1385 2892 1553 2995 Isthmo
1571 2902 1614 2995 in
1635 2894 1832 2998 Siciliam
1856 2912 1946 2993 tra·

411 3064 415 3069 ’
565 3039 787 3141 duximus.
869 3030 1070 3180 Quinam
1091 3071 1210 3169 ergo·
1230 3042 1482 3143 Corinthiis
1506 3052 1768 3146 remanent?
1796 3046 1946 3147 Nimi-

419 3184 428 3193 ’
561 3181 663 3291 rum
688 3196 769 3295 sex
797 3200 859 3317 ii,
885 3222 1003 3320 qnos
1019 3190 1287 3295 Pellerinius
1309 3196 1471 3295 iisdem
1499 3199 1689 3295 addixit.
1768 3202 1944 3300 Verum

561 3350 608 3443 &
632 3346 702 3466 hi,
724 3341 822 3455 'nno
842 3348 1031 3463 demto,
1058 3342 1248 3439 necdum
1274 3346 1460 3448 euasere
1487 3348 1733 3451 censoriam
1748 3352 1941 3474 uirgam.

561 3497 647 3595 Ad
665 3506 859 3629 primum
890 3492 1108 3612 Pallade,
1132 3496 1326 3621 pegas03
1364 3529 1419 3598 ac
1447 3498 1697 3630 epigraphe
1729 3536 1820 3602 noe
1845 3503 1942 3603 inlr·

555 3676 691 3777 gnem
706 3646 822 3773 ¹quin
840 3650 914 3771 jus
947 3645 998 3743 fit
1029 3642 1291 3769 Corintho,
1314 3680 1478 3781 negare
1505 3679 1597 3750 non
1621 3653 1767 3757 anim
1827 3655 1942 3759 Hoc

556 3788 708 3890 tamen
728 3801 799 3915 jus
829 3826 922 3895 non
950 3792 1142 3894 ¹omnino
1173 3782 1387 3923 liquidum
1418 3808 1483 3901 est
1509 3802 1784 3915 reclamante
1815 3804 1942 3906 Cor·

556 3963 674 4063 cyra
706 3940 947 4065 Phaeacia,
972 3974 1076 4067 quae
1096 3949 1257 4075 &ipsa
1286 3983 1339 4049 ro
1358 3986 1479 4074 noe,
1501 3952 1801 4083 praedictaque
1821 3953 1940 4083 signa

554 4088 632 4188 fibi
657 4092 884 4213 vendicat.
960 4095 1148 4198 Fuerint
1172 4096 1280 4198 licet
1297 4106 1414 4203 inter
1428 4104 1545 4206 hanc
1564 4106 1749 4233 ejusque
1768 4127 1939 4211 metro-

554 4240 698 4368 polim
733 4240 1006 4346 Corinthum
1039 4247 1358 4357 simultates&
1394 4256 1525 4362 bella·
1603 4262 1825 4365 Poterant
1854 4269 1938 4365 uti·

1768 4450 1860 4544 que.
1955 4534 1961 4546 .

584 4620 589 4631 a

550 4648 703 4671 m

1968 1336 1972 1344 ⁵
2009 1363 2188 1435 Tarauna

2047 1478 2146 1555 ‚vll

2011 1600 2061 1679 N·
2094 1606 2132 1713 ὄρ

614 4730 638 4773 ⁴⁶
666 4742 771 4818 Hanc
792 4740 887 4817 inter
915 4731 990 4818 duo
1021 4744 1129 4819 maria
1155 4754 1365 4838 positionem
1391 4770 1518 4821 revera
1546 4747 1736 4827 Corinthus
1759 4750 1797 4825 in
1822 4723 1935 4832 numia
1988 4754 2011 4773 ⁸

615 4856 802 4953 aliquoties
829 4855 1005 4929 indicavit
1032 4854 1242 4930 emblemate
1261 4857 1383 4951 tigurae
1406 4862 1531 4957 nudae,
1559 4885 1686 4961 nempe
1709 4864 1802 4941 urbig
1821 4869 1933 4963 genii·

615 4960 853 5169 qnaegsmgulis
872 4962 1029 5045 manibus
1047 4986 1177 5046 renum
1197 4969 1347 5052 sustinet.
1369 4971 1526 5057 Pellerin
1543 4978 1634 5065 Rec.
1656 4999 1699 5062 r.
1715 5002 1749 5060 1.
1766 4984 1934 5084 plnum,

611 5103 648 5165 n.
674 5100 693 5157 1
729 5131 739 5155 .
1774 5114 1780 5125 ·
