5242 6509
728 1027 832 1125 wo
1182 1057 1644 1132 onnnctn

467 1253 701 1299 ΞΕ

496 1311 685 1384 Tnsvua
718 1294 953 1428 Apollinis
976 1303 1295 1432 Dryopesque
1315 1301 1466 1406 filium
1544 1307 1614 1408 Et
1634 1301 1855 1434 praeclare
1878 1303 2102 1406 consentit

499 1419 607 1616 NV·
718 1453 813 1577 ejus
838 1454 960 1554 urbis
988 1475 1172 1556 moneta
1198 1456 1494 1558 Pembrokiae
1519 1459 1743 1580 Comitis,
1777 1456 1847 1575 m)
1873 1484 1930 1555 ac
1955 1457 2104 1564 Pelles

537 1556 619 1638 '⁷‘
717 1611 847 1730 rimi,
887 1605 942 1726 n)
971 1642 1075 1740 quae
1113 1609 1363 1710 laureatum
1397 1613 1667 1743 Apollinem
1701 1618 1849 1712 antica
1885 1606 2102 1728 exhibet,

716 1787 880 1889 nempe
898 1768 1077 1889 generis
1094 1771 1360 1866 autiorem
1411 1771 1683 1892 Haeeatque
1701 1766 1787 1866 alia
1811 1762 1990 1864 diversa
2006 1790 2101 1860 mu·

714 1917 778 2016 lei
801 1909 1132 2035 ''Pelleriniani‚
1175 1931 1365 2044 utraque
1390 1945 1538 2038 aerea,
1568 1920 1838 2020 Oetaeorum
1863 1916 1974 2015 lolae
2004 1917 2102 2013 sunt

715 2087 947 2186 monetae,
971 2092 1077 2190 quae
1108 2067 1168 2169 ad
1203 2071 1354 2170 nostra
1383 2087 1594 2204 tempora
1628 2077 1672 2172 in
1704 2077 1907 2204 apricum
1943 2089 2101 2194 protu-

714 2219 768 2319 lit
788 2237 913 2317 aetas.
985 2215 1047 2345 Jis
1066 2223 1252 2314 tertiam
1272 2249 1387 2317 nunc
1400 2224 1550 2338 addo,
1575 2225 1774 2350 spectato
1797 2215 1983 2316 metallo
2005 2216 2098 2311 uni·

712 2399 843 2489 cam,
876 2367 1099 2488 artificio,
1139 2367 1264 2500 cujum
1287 2395 1498 2471 moneres
1536 2358 1637 2470 nec'
1652 2369 1836 2490 verbis,
1866 2398 1954 2468 nec
1990 2361 2100 2464 scal·

632 2647 638 2658 Ι
711 2552 803 2655 pro
831 2521 965 2650 digne
988 2525 1247 2656 exprimas,
1273 2525 1424 2625 nitore
1455 2542 1595 2651 atque
1623 2524 1847 2654 elegantia
1872 2520 2100 2650 inignem.

558 2662 561 2672 ¹
711 2677 823 2782 Nec
855 2649 1166 2804 argumentum
1205 2677 1302 2801 ejus
1325 2675 1541 2804 ignobile.
1638 2675 1838 2773 Oetaeus¹
1868 2667 2123 2802 Hercules·

713 2863 850 2955 quern
875 2825 1022 2958 fugit?
1059 2831 1160 2930 Stat
1186 2824 1334 2931 heros.
1360 2829 1439 2932 ille
1476 2822 1677 2928 adverso
1705 2851 1931 2953 corpore,
1954 2820 2102 2922 nudus

710 2994 867 3086 totus,
893 2979 986 3090 jam
1013 2973 1242 3062 hominem
1267 2979 1460 3064 flammis
1485 2994 1655 3066 exutus
1677 2981 1810 3094 rogi,
1829 2977 2015 3104 jamque
2039 2982 2103 3078 inq

709 3121 845 3224 dutus
871 3097 1144 3235 semideum,
1171 3113 1391 3216 ambabus
1422 3113 1625 3215 manibus
1658 3115 1843 3214 clavam
1870 3125 2100 3248 sustinens,

709 3293 847 3410 quam
876 3277 1028 3376 necin
1054 3269 1250 3372 deorum
1275 3269 1474 3372 adleitus
1493 3285 1669 3370 coetum
1705 3265 1864 3369 dimisit
1887 3279 2099 3399 unquam,

709 3423 848 3558 atque
861 3434 1140 3554 Αςςοχιτων.
1217 3431 1339 3525 Fere
1364 3422 1489 3522 simili
1510 3424 1657 3549 specie
1674 3444 1914 3554 comparet
1932 3431 1979 3528 in
1998 3429 2102 3531 Sar·

709 3583 769 3674 da
792 3577 929 3669 musei
952 3577 995 3668 F
995 3571 1231 3694 lorontlui,
1255 3571 1305 3685 o)
1348 3587 1487 3700 caput
1521 3579 1694 3697 pariter
1717 3577 1857 3672 stellis
1881 3585 1929 3670 δι
1960 3565 2102 3676 radiis

709 3723 1030 3829 circumdatus.
1109 3723 1163 3824 A
1193 3724 1247 3826 N
1248 3750 1376 3821 onno
1402 3728 1540 3823 etiam
1559 3728 1710 3822 tunica
1733 3722 1871 3822 stollis
1900 3723 2099 3828 distintta
2203 3801 2212 3816 .

713 3898 901 3982 ornatur
917 3859 949 4000 ‚¹
965 3898 1103 4005 atque
1137 3875 1195 3976 ab
1223 3875 1419 4006 Orpheo
1454 3873 1667 4004 proditur
1697 3881 1850 4001 capite
1883 3902 2100 3974 auroram

709 4045 977 4162 nodemque
999 4057 1172 4162 gerere.
1249 4029 1461 4133 Pluribus
1482 4054 1575 4124 non
1594 4024 1855 4156 indigemus.
1932 4031 1979 4128 Si
1999 4027 2101 4158 plu·
2164 4043 2170 4054 ‘

710 4218 764 4285 ra
788 4185 909 4282 nolle
931 4191 1086 4312 cupio,
1107 4183 1279 4280 Poetas
1299 4181 1400 4302 adi,
1426 4182 1688 4304 cumprimis
1711 4179 1896 4278 Senecae
1920 4197 2094 4310 tragoe-

712 4335 864 4452 diam,
891 4335 964 4430 cui
996 4335 1178 4428 titulus:
1214 4406 1244 4451 „
1267 4329 1494 4431 Hercules
1521 4326 1711 4426 Oetaeus
1727 4402 1760 4449 „
1799 4336 1847 4426 dr
1874 4329 2106 4432 Nicandri
2152 4361 2157 4369 ’

709 4489 916 4594 Oetiaca.
994 4479 1107 4612 Nos
1134 4479 1293 4582 Ovidii
1321 4498 1494 4581 tantum
1530 4478 1783 4618 elegantem
1809 4481 1968 4587 locum
1999 4485 2097 4586 sub

1885 4700 1896 4732 r
1962 4639 2018 4766 ji·

709 4869 1516 4912 ——n—-u--n-*u—-k—

770 4987 823 5088 m)
851 5011 887 5066 e.
919 5007 957 5070 2.
987 5009 1031 5064 τ.
1055 5007 1130 5084 33.
1152 4977 1197 5088 n)
1228 4985 1321 5066 Rec.
1342 5002 1383 5062 u.
1404 5003 1435 5070 1.
1453 4986 1504 5084 pl.
1529 5006 1698 5076 xxv111.
1719 5010 1753 5065 n.
1777 5005 1846 5088 34.
1915 4982 1957 5094 o)
1988 5008 2027 5074 r,
2054 5003 2107 5076 12,

774 5103 868 5187 Tab.
883 5120 1026 5183 xxx1x.
1045 5123 1081 5184 n.
1100 5109 1138 5189 8.
1167 5163 1170 5170 .
2096 5121 2103 5132 ’

2420 5604 2431 6066 l
