5242 6509
465 1260 698 1318 μ

500 1327 684 1410 ΤΑΒνιΑ

555 1438 603 1516 V.

726 1063 830 1190 &4
1204 1063 1672 1153 canneta

717 1327 982 1458 imposuere.
1061 1327 1129 1428 Ita
1152 1321 1247 1450 suit,
1267 1329 1345 1454 qui
1367 1319 1537 1454 pariter
1559 1326 1605 1419 in
1624 1315 1882 1436 Philotam,
1905 1315 2099 1419 secundo

716 1511 856 1582 numo
882 1483 1172 1610 inscriptum,
1201 1486 1413 1611 graviter
1441 1482 1705 1610 peccaverit
1718 1505 1733 1598 3
1764 1503 1855 1602 qua
1880 1470 2037 1600 dere,
2067 1477 2099 1576 sa

719 1634 876 1759 lubet,
903 1635 1195 1736 consulendus
1222 1635 1294 1734 ci.
1325 1635 1523 1738 Eckhel.
1562 1625 1611 1766 t)

871 1925 1129 2054 VulgareS,
1148 1931 1360 2061 tritaeque
1380 1926 1502 2045 sunt,
1521 1945 1574 2028 ut
1588 1924 1736 2056 vulgo
1751 1918 1929 2050 notum,
1947 1899 2100 2052 Dyrr·
2177 1973 2182 1980 ·

713 2076 983 2178 hachiorum
1005 2077 1257 2199 drachmae,
1280 2111 1387 2210 quae
1409 2079 1485 2180 hic
1513 2084 1705 2183 vitulum
1729 2080 1986 2194 lamentam,
2006 2079 2101 2174 iilic

714 2231 984 2356 quadratum
1012 2255 1224 2330 ornatum
1256 2236 1504 2347 exhibent,
1534 2231 1784 2356 cujusmodi
1818 2231 1920 2354 plus
1955 2231 2098 2324 minus

712 2386 942 2511 ocioginta
972 2379 1231 2480 Thesaurus
1261 2379 1500 2481 Caesareus
1531 2380 1732 2480 Vindob.
1757 2377 1993 2494 recondit,
2019 2405 2101 2476 va·

707 2539 787 2634 riis
822 2533 1148 2660 magistratibus
1173 2533 1374 2666 insignes.
1437 2536 1610 2635 Earum
1631 2565 1719 2633 una
1739 2530 1862 2663 apud
1887 2529 2100 2630 Goizium

608 2791 611 2806 ,
710 2691 845 2820 supra
876 2717 1071 2789 vaccam
1095 2687 1297 2786 inscribit
1322 2717 1656 2802 moruorum,
1677 2715 1820 2810 usque
1848 2683 1992 2782 modo
2020 2680 2105 2786 dua

710 2842 798 2939 biae
830 2841 938 2940 fidei
961 2841 1115 2944 habita
1136 2843 1199 2940 ob
1221 2837 1404 2938 dubiam
1438 2838 1628 2937 editoris
1655 2835 1805 2934 fidem.
1883 2834 1974 2936 Sed
2003 2863 2101 2932 ean·

705 2987 814 3082 ¹dem
841 2993 1176 3106 integerrimam
1218 2983 1500 3103 deprehendi
1535 3005 1792 3106 occupatus
1817 2991 1863 3080 in
1898 2987 2105 3086 ordinan-

703 3133 770 3231 do
795 3129 1024 3260 praestanti
1063 3128 1228 3252 museo¹
1254 3119 1382 3226 Exc.
1416 3134 1463 3226 δι
1496 3131 1875 3230 Reverendissnni
1904 3137 2099 3234 Domini

703 3286 903 3414 Georgii
938 3283 1137 3404 lilino,
1184 3281 1407 3412 Episcopi
1452 3284 1661 3418 Quinque
1678 3340 1698 3364 ι
1717 3283 2011 3385 Ecclesrensrs
2056 3291 2103 3385 in

707 3444 973 3564 Hungaria‚
1000 3465 1135 3560 quem
1159 3431 1265 3532 fatis
1278 3429 1474 3538 fundum
1487 3442 1537 3532 δι
1550 3438 1703 3535 Musae
1727 3442 1775 3536 δι
1800 3436 1910 3538 boni
1938 3465 2100 3538 omnes

704 3591 876 3711 lugent.
954 3584 1009 3680 Id
1033 3582 1308 3678 monendum
1332 3581 1447 3679 duxi
1470 3583 1530 3680 ad
1556 3587 1908 3710 confirmandam
1946 3590 2101 3685 Goizii

610 3853 613 3860 Ι
704 3737 1036 3836 audioritatem.
1116 3731 1392 3834 Monunium
1431 3727 1557 3832 illum
1594 3739 1762 3863 opinor
1790 3738 1848 3836 ab
1882 3769 1993 3864 rege
2025 3768 2103 3837 co·

704 3891 919 4022 gnomine
937 3886 1073 3984 alium
1091 3959 1106 4004 ‚
1125 3889 1248 4012 cujus
1273 3885 1485 4008 quaedam
1507 3885 1792 4017 Dyrrhachii
1818 3887 2100 3986 tetradrach-

704 4071 779 4144 ma
820 4039 998 4139 exstant
1034 4040 1211 4170 oppido
1238 4063 1340 4133 rara
1376 4067 1481 4138 curn
1525 4036 1815 4170 epigraphe:
1859 4067 2104 4137 unornane

627 4249 632 4262 ·
707 4225 1035 4293 momormor.
1116 4195 1243 4292 Nam
1281 4183 1405 4313 haec,
1431 4194 1624 4321 spadana
1658 4191 1783 4287 mole
1816 4197 1863 4288 δι
1902 4189 2102 4312 fabrica,

708 4345 849 4460 longe
887 4342 1141 4436 uetustiora
1173 4338 1388 4441 videntur
1419 4347 1687 4439 memoratis
1725 4340 1899 4439 duabus
1938 4340 2101 4440 drach·

708 4494 823 4609 mis,
846 4485 1012 4613 quibus
1043 4519 1357 4590 monoruroz
1381 4490 1644 4592 inscribitur.
1723 4494 1833 4592 Nec
1854 4490 2002 4614 dicas,
2025 4520 2098 4591 re·

710 4649 927 4746 centioris
953 4648 1102 4744 aetatis
1129 4639 1342 4741 indicium
1371 4645 1460 4749 esse
1499 4650 1705 4768 „lunata
1744 4646 1938 4746 efficium
1968 4649 2101 4744 tesiu-

1919 4801 2024 4900 dine

772 5089 821 5235 a).
836 5131 941 5208 Num.
961 5141 1037 5206 vei.
1059 5152 1093 5226 p.
1114 5127 1184 5227 96.
