5242 6509
740 1109 931 1226 158
1199 1121 1682 1220 tGRAECIA,

476 1335 709 1356 m

506 1367 685 1446 'snssvun
732 1367 820 1468 alia
857 1384 988 1495 parte
1007 1368 1219 1472 simillima
1244 1371 1416 1498 forma,
1439 1375 1696 1503 eodemque
1721 1375 1994 1508 capillorum
2018 1379 2113 1482 cul.

532 1483 655 1691 NR·
734 1513 790 1621 tu'
811 1520 1032 1653 spotiatur
1054 1533 1099 1625 in
1123 1528 1248 1626 mille
1282 1527 1475 1630 denariis
1487 1530 1690 1636 Familiae
1718 1527 2009 1662 Calpurniae,
2035 1540 2114 1662 qui

738 1683 1027 1782 decuriorem
1059 1689 1256 1808 equitem
1299 1688 1467 1786 averia
1504 1689 1835 1814 repraesentant„
1923 1689 2115 1793 Servius.

722 1839 880 1964 'inepti
910 1837 1094 1937 artificis
1131 1865 1271 1961 usque
1306 1835 1427 1935 adeo
1457 1840 1671 1965 procetur
1701 1842 1921 1961 imitatio,
1952 1860 2003 1942 ut
2031 1839 2116 1946 vel

725 1991 874 2119 'ipsam
913 1993 1034 2087 numi
1069 2017 1199 2088 oram
1236 1990 1449 2089 serratam
1474 1987 1660 2113 lecerit,
1686 2022 1854 2125 nempe
1877 1993 1937 2098 ad
1962 2026 2118 2098 exem·

732 2143 859 2274 plum
901 2141 1104 2269 pecuniae
1143 2141 1434 2270 Reipublicae
1469 2144 1711 2247 Romanae.
1800 2152 1853 2254 ln
1883 2151 2113 2244 Pannonia

729 2293 968 2414 inferiore,
993 2289 1069 2393 ubi
1105 2309 1258 2386 erutus
1282 2294 1372 2407 est,
1394 2293 1685 2390 domesticum
1712 2295 1936 2411 arbitror,
1967 2311 2018 2393 ut
2037 2317 2112 2394 ce·

644 2436 652 2449 ’
719 2465 858 2547 teros
892 2461 1065 2558 tantum
1100 2469 1194 2542 non
1231 2471 1415 2565 omneS,
1441 2449 1520 2569 qui
1550 2443 1841 2545 Familiarum
1882 2446 2119 2547 Romana·

726 2629 828 2703 rum
859 2596 1123 2698 aemulantur
1145 2595 1389 2717 denarioS,
1415 2596 1492 2694 led
1512 2591 1659 2695 craffo
1679 2598 1904 2719 artificio,
1927 2616 2116 2698 contor-

727 2758 878 2881 tisque
910 2748 1241 2850 charaueribus
1276 2750 1447 2876 partim
1483 2749 1689 2867 Latinim
1720 2757 1886 2876 partim
1911 2753 2118 2868 Graecia,

726 2903 983 3030 cujusmodi
1003 2901 1265 3025 frequentes
1301 2895 1630 3010 vindobonam
1663 2928 1729 2999 ex
1759 2899 1993 3029 Hungaria
2018 2906 2119 2998 mit·

725 3069 837 3154 tunt.
914 3050 1102 3147 Horum
1126 3047 1263 3166 aliqui
1280 3044 1508 3140 Eruditos
1542 3044 1663 3139 male
1685 3051 1976 3170 torquebant.
2040 3055 2118 3154 Sic

726 3196 1004 3310 Froelichius
1025 3225 1120 3294 non
1145 3198 1341 3321 reperit,
1372 3193 1483 3322 quid
1511 3189 1681 3292 consalii
1718 3214 1906 3327 caperet
1942 3201 2003 3298 de
2034 3233 2117 3300 nu·

717 3382 862 3462 moa
891 3350 938 3450 se
964 3348 1185 3475 vulgato,
1225 3338 1267 3479 a)
1301 3347 1426 3470 cujus
1463 3374 1694 3475 unapars
1727 3355 1772 3450 ei
1809 3349 2115 3487 Ptolemaeum

729 3499 1001 3633 objiciebat,
1025 3499 1155 3634 Jubae
1176 3529 1227 3600 11.
1265 3495 1570 3596 Mauretaniae
1600 3505 1724 3628 regis
1747 3481 1912 3621 filium,
1932 3500 2019 3602 alia
2043 3533 2118 3601 re·

728 3669 799 3758 ne
835 3653 1080 3754 videbatur
1122 3651 1321 3778 ipeuare
1360 3648 1420 3749 ad
1459 3666 1642 3774 gentem
1686 3653 1974 3770 Mamiliam,
2008 3631 2116 3776 quae

728 3805 944 3940 Ulyssem
980 3809 1150 3906 comite
1194 3831 1305 3901 cane
1345 3801 1549 3932 signavit.
1629 3793 1763 3939 Quid
1809 3803 1961 3899 multis
1990 3833 2113 3930 opus

718 3971 860 4068 erati
891 3963 1097 4078 Numm,
1123 3967 1171 4060 δι
1189 3985 1216 4053 3
1237 3983 1313 4052 me
1334 3955 1488 4072 visus,
1515 3951 1735 4052 barbams
1758 3953 1851 4070 est,
1886 3981 1946 4051 ac
1970 3953 2115 4050 nulla·

717 4137 862 4219 'tenus
883 4114 1126 4213 Ptolemaei
1147 4106 1324 4206 vultum
1349 4131 1628 4228 nomenque,
1655 4121 1704 4200 ut
1730 4100 2008 4201 Froelichius
2034 4132 2117 4231 pu·

717 4264 908 4384 tabat,¹
928 4265 1005 4356 sed
1046 4275 1186 4387 caput
1218 4257 1378 4354 misere
1414 4253 1564 4350 fitium
1593 4252 1790 4354 exhibet
1824 4283 1929 4351 cum
1956 4259 2112 4352 incon·

715 4413 857 4514 'cinna
876 4407 1156 4536 epigraphe:
1182 4439 1290 4504 nov
1316 4433 1492 4519 1vv11.‚
1517 4401 1633 4501 uude
1655 4405 1774 4504 nulla
1798 4411 1850 4503 vi
1871 4404 2114 4506 Ptolemaei

714 4581 897 4672 'nomen
927 4557 1093 4664 elicias,
1171 4552 1219 4654 Si
1238 4574 1401 4684 petus,
1430 4553 1541 4680 quid
1554 4552 1668 4656 ‘haec
1699 4559 1779 4661 sibi
1810 4557 1932 4660 velit
1962 4559 2115 4662 inscri-

1917 4701 2048 4842 ptio,

791 5103 831 5213 i)
851 5104 947 5242 [teg.
969 5087 1337 5200 minimuum
1352 5127 1392 5194 r.
1414 5087 1486 5192 iu.
1503 5129 1540 5192 n.
1558 5131 1610 5192 11.
1626 5129 1661 5206 p.
1688 5105 1759 5203 85,
