5242 6509
628 1193 635 1222 Ι
747 1091 852 1191 u4
1166 1078 1622 1170 emuncta

485 1285 720 1422 ᾗ
736 1339 908 1460 opere,
942 1335 1163 1440 dissectum
1185 1341 1231 1434 in
1252 1348 1447 1463 quatuor
1464 1348 1619 1466 partes
1644 1355 1747 1434 cum
1773 1325 1967 1430 totidem
1989 1355 2110 1462 pun-1.

585 1459 653 1538 Ν·
731 1491 810 1586 tiis
838 1491 881 1588 in
906 1497 1032 1592 areis,
1732 1591 1737 1601 ,

529 1578 650 1660 ⁸2
1824 1631 2043 1752 mmm

880 1927 949 2025 Et
972 1922 1046 2024 hic
1070 1952 1227 2024 numus
1250 1931 1441 2055 patriam
1458 1922 1590 2030 fateri
1609 1924 1806 2060 negligit.
1865 1927 1986 2026 Erat
2009 1955 2100 2030 non

728 2073 965 2174 Abderitis
1004 2075 1180 2200 modo,
1224 2079 1475 2186 sedetiam
1515 2083 1742 2208 proximis
1783 2075 2099 2178 Maronitisin

728 2247 859 2323 more
903 2225 1127 2350 pofitum,
1177 2245 1225 2319 ut
1265 2229 1533 2324 dnnmurato
1571 2236 1779 2336 nomine,
1816 2223 2097 2346 magistratus

724 2369 1039 2470 tantummodo
1077 2373 1277 2504 pecuniae
1305 2373 1395 2473 suae
1425 2377 1771 2471 committerent
1836 2369 2002 2470 Nihilo
2017 2381 2098 2474 mi·

718 2551 802 2620 nus
826 2527 1056 2647 utriusque
1083 2521 1244 2652 populi
1257 2509 1497 2622 monetam
1530 2555 1558 2621 e
1597 2520 1826 2648 symbolis
1862 2519 1994 2622 facile
2030 2524 2097 2623 di·
2234 2615 2238 2621 ,

717 2675 920 2798 gnoscat.
969 2667 1226 2774 Maronitae'
1244 2679 1363 2772 intra
1386 2673 1659 2796 quadratum
1683 2671 1932 2772 identidem
1956 2701 2095 2772 uvam

715 2825 797 2921 vel
830 2831 974 2927 vitem
1004 2823 1151 2926 botris
1178 2822 1461 2951 gravidam,
1504 2822 1650 2928 altera
1688 2840 1822 2949 parte
1862 2819 2097 2935 Bacchum

716 2971 796 3065 vel
843 2997 1007 3089 equum
1044 2971 1284 3087 adoptant
1343 2965 1556 3069 ‚Abdera
1590 2969 1784 3087 grypho
1830 2968 2100 3090 delectatur,

717 3141 854 3239 quem
880 3132 1046 3240 typum
1079 3137 1106 3206 a
1134 3105 1261 3229 Tejis
1287 3103 1487 3224 abstulit,
1508 3134 1703 3231 quorum
1732 3110 1891 3236 pulcra
1913 3113 1999 3210 fuit
2019 3145 2098 3214 co·

715 3266 873 3386 ionia,
899 3283 951 3363 ut
973 3281 1111 3364 vetus
1145 3257 1444 3391 proverbium
1470 3256 1618 3358 habet
1693 3257 1748 3357 Id
1786 3260 1986 3389 proinde
2005 3269 2097 3364 ani·

715 3417 838 3537 mal,
876 3435 971 3514 tum
1005 3415 1179 3514 aversae
1205 3407 1504 3535 quadratum,
1539 3406 1757 3510 familiare
1779 3409 2097 3515 Macedonicae

717 3563 1019 3682 Thraciaeque
1057 3564 1297 3684 pecuniae,
1334 3554 1559 3658 manifesta
1589 3559 1689 3654 sunt
1717 3562 1928 3660 Abderae
1965 3594 2095 3690 argu,

717 3727 897 3824 menta,
944 3708 1069 3829 quus
1104 3734 1266 3805 nomen
1304 3703 1380 3804 hic
1410 3735 1571 3807 numus
1604 3708 1906 3836 nequidquam
1941 3713 2094 3821 caelat.

718 3861 772 3958 In
794 3859 954 3958 averia
988 3853 1254 3990 legendum:
1287 3888 1384 3958 mu.
1409 3891 1761 3966 muunuuurot„
1797 3857 1889 3962 Sub
1921 3861 2096 3962 Demo·

717 4017 853 4114 natie.
880 4083 910 4130 „
1398 4005 1413 4028 ’

871 4289 1178 4428 Quadratum,
1197 4294 1308 4396 ficut
1334 4299 1519 4413 monui,
1544 4321 1635 4392 non
1668 4293 1879 4392 incusum·
1894 4291 1980 4407 est,
2015 4285 2095 4397 sed

719 4446 879 4551 formis
910 4447 1088 4543 eminet.
1165 4449 1288 4547 Cum
1324 4445 1593 4546 vetustatem
1638 4443 1779 4575 spiret
1812 4472 1906 4542 non
1938 4439 2096 4540 admo·

716 4597 824 4698 dum
861 4613 1095 4698 remotam
1136 4603 1452 4698 numismation
1485 4598 1712 4716 nostrum,
1761 4591 1878 4694 subit
1904 4589 2095 4709 nutari,

726 4747 965 4848 Abderitis
999 4775 1310 4879 argumentum
1343 4750 1463 4854 adeo
1486 4750 1683 4874 jejunum
1711 4775 1778 4856 ,ac
1812 4741 1973 4856 sterile
2000 4741 2097 4872 pla·

714 4895 874 4998 'cuiffe
943 4901 1050 5002 -Res
1071 4919 1221 5006 tamen
1243 4899 1397 5005 isthac
1422 4931 1516 5006 non
1538 4911 1664 5003 caret
1687 4902 1932 5034 exemplo.
1972 4886 2096 5034 Quis

1945 5073 2021 5146 ne·
