5242 6509
797 1043 901 1173 2⁵⁶
1290 984 1671 1193 attolit

787 1284 850 1360 uia
870 1276 1025 1387 Signata
1050 1273 1208 1363 Senatus
1233 1280 1434 1382 Consulto,
1460 1316 1669 1391 numosque
1695 1294 1741 1369 iis
1772 1305 1922 1369 notatos
1948 1292 2012 1372 sub
2034 1291 2157 1372 Liviae

786 1384 968 1571 {eadelsssg}
1001 1385 1229 1535 vel‘Remae
1259 1391 1381 1472 stantis
1415 1396 1609 1497 imagine,
1638 1397 1819 1491 conjedat
1850 1392 1977 1503 Uticae
2002 1400 2039 1473 in
2058 1397 2158 1472 Afri·

939 1726 1066 1811 Alteri
1091 1758 1206 1812 numo
1226 1734 1390 1833 speciata
1409 1742 1536 1834 priore
1565 1749 1673 1838 parte
1702 1734 1836 1816 similes
1859 1737 2008 1836 pridem
2039 1741 2162 1839 cogni·

785 1834 843 1929 ti;
871 1830 934 1909 sed
960 1835 998 1907 hi
1024 1832 1258 1930 Phoenicias,
1284 1838 1345 1913 seu
1364 1836 1674 1918 verius'Punicas
1703 1844 1828 1917 literas
1854 1841 1953 1914 intra
1982 1862 2160 1915 coronam

775 1941 941 2011 lauream
960 1934 1141 2024 offerunt,
1165 1962 1236 2031 qua
1257 1952 1366 2035 parte
1391 1954 1517 2016 taurus
1535 1940 1573 2014 in
1597 1964 1685 2016 meo
1713 1940 1938 2041 procumbit.
1991 1938 2162 2036 Ejusmo-

776 2038 817 2111 'di
836 2039 933 2110 inter
956 2029 1170 2112 Phoenicios
1198 2038 1399 2141 Arigonius
1424 2040 1634 2117 recensuit:
1671 2038 1831 2134 Jacobus
1865 2040 1999 2117 Barius
2029 2037 2162 2141 Serpae

776 2138 967 2227 attribuit,
987 2136 1182 2238 (Relandi
1203 2140 1395 2221 Palaestina
1423 2166 1464 2241 p.
1492 2142 1609 2239 940.)
1640 2139 1927 2235 Barthelemyus
1950 2138 2097 2237 Hispali
2122 2146 2161 2217 in

779 2239 969 2337 Hispania.
1025 2238 1175 2339 (Lettr.
1197 2238 1301 2317 aM.
1324 2245 1386 2318 Le
1413 2240 1594 2336 Marquis
1615 2238 1785 2317 Olivieri.
1805 2266 1844 2338 p.
1874 2243 1958 2339 43.)
1986 2239 2162 2315 Enimve-

779 2364 823 2415 το
863 2339 1083 2417 doctissimus
1119 2338 1249 2434 Bayer
1282 2340 1544 2435 Barthelemyi
1577 2340 1798 2416 sententiam
1832 2340 1996 2437 pluribus
2024 2342 2161 2418 refellit

779 2438 1073 2538 (DelAlfabeto
1100 2466 1129 2538 y
1153 2442 1313 2541 Lengua
1335 2444 1386 2519 de
1413 2448 1467 2517 los
1500 2440 1656 2517 Fenices
1682 2464 1720 2538 p.
1756 2440 1880 2541 364.)
1914 2440 1950 2516 dr
1978 2436 2161 2532 Cossurae,

780 2554 845 2619 aut
873 2557 974 2617 certe
988 2544 1025 2617 in
1046 2568 1117 2620 una
1137 2568 1186 2621 ex
1210 2538 1335 2619 adsitis
1359 2542 1479 2618 insulis
1511 2562 1643 2619 nonnos
1670 2544 1752 2620 illos
1778 2538 1941 2643 signatos
1967 2556 2161 2633 autumat,

731 2696 753 2717 -.
780 2666 829 2718 eo
848 2644 1064 2742 cumprimis
1088 2648 1262 2733 nomine,
1293 2648 1395 2741 quod
1419 2644 1582 2719 eandem
1611 2647 1762 2720 omnino
1791 2640 2023 2743 epigraphen
2052 2642 2160 2719 Puni·

781 2770 894 2835 cam,
921 2748 1058 2824 eodem
1084 2750 1274 2825 literarum
1293 2762 1374 2827 tam
1392 2745 1525 2822 ordine
1559 2764 1672 2838 quam
1697 2768 1876 2833 numero,
1903 2742 2045 2833 indubii
2072 2741 2161 2819 Cos·

779 2847 872 2925 sutae
900 2851 1003 2927 numi
1034 2852 1245 2948 praeferant.
1309 2843 1573 2947 Suffragantur·
1595 2844 1630 2919 dr
1656 2845 1816 2935 sertum,
1834 2846 1938 2940 quod
1957 2842 2162 2945 inscriptio·

778 2971 867 3021 nem
888 2952 1034 3039 ambit,
1067 2952 1102 3029 dt
1124 2958 1319 3029 metallum
1344 2950 1528 3035 rubrum,
1550 2948 1584 3023 dr
1603 2944 1769 3035 fabrica,
1791 2946 1917 3019 omnia
1936 2968 1986 3018 ex
2009 2944 2159 3046 ingenio

778 3045 978 3119 insularum
1015 3045 1133 3120 Africi
1161 3054 1284 3121 maris.
1341 3046 1440 3145 Quae
1467 3072 1553 3123 cum
1579 3048 1634 3121 ita
1658 3042 1752 3135 smt,
1780 3048 1868 3141 quin
1894 3059 1980 3119 mea
2009 3042 2163 3143 quoque

778 3154 957 3233 moneta,
986 3142 1087 3217 omni
1116 3142 1291 3221 destituta
1318 3146 1548 3247 epigraphe,
1581 3148 1721 3221 eodem
1750 3146 1915 3243 speoet,
1941 3149 2072 3245 negari
2096 3173 2159 3223 ne·
2232 3160 2263 3187 ’-

780 3245 873 3343 quit.
926 3238 1081 3321 Aversae
1108 3246 1224 3346 partis
1259 3257 1418 3335 taurus,
1442 3259 1551 3343 notus
1577 3248 1652 3320 laeti
1684 3247 1859 3347 graminis
1889 3264 2159 3324 armentorum·

781 3368 856 3445 que
875 3360 1014 3527 tgpuj,
1037 3370 1172 3447 parum
1198 3363 1289 3449 apte
1319 3349 1472 3446 quidem
1491 3346 1828 3466 videtur'Colsurae
1845 3365 2086 3447 competere,
2108 3352 2170 3441 de

781 3472 854 3548 qua
924 3477 959 3525 vr
991 3474 1078 3527 rus:

949 3584 1098 3664 Fertilis
1126 3590 1176 3662 est
1195 3584 1365 3675 Melite,
1381 3590 1492 3663 sterili
1515 3591 1636 3661 vicina
1663 3591 1830 3681 coryrae.

782 3722 932 3807 Verum
965 3728 1001 3807 dr
1031 3722 1258 3827 Myconus,
1289 3724 1422 3831 AEgaei
1450 3727 1563 3804 maris
1593 3722 1728 3814 insula,
1751 3722 1801 3801 ob
1830 3689 2013 3825 ingratum
2036 3724 2151 3799 solum
2191 3720 2209 3745 ³

777 3837 877 3910 male
907 3830 1036 3931 paffim
1072 3832 1253 3922 audivit,
1297 3846 1485 3934 quornon'
1520 3828 1685 3907 obstante
1714 3826 1749 3903 dr
1777 3826 1955 3928 spicas&
1991 3836 2083 3905 uras
2118 3825 2158 3897 iu

765 3956 855 4029 ‚aete
874 3937 1040 4037 jatiavit.
1095 3932 1244 4014 Collura
1270 3958 1368 4017 nunc
1393 3934 1603 4015 Pantalaria
1628 3930 1774 4011 dicitur.
