5242 6509
716 990 820 1087 Μό
1148 1020 1620 1093 enancra

462 1212 685 1247 μ

460 1240 685 1352 'iffi
707 1252 867 1357 decern
895 1258 1222 1381 voluminibus,
1248 1269 1428 1364 aeternis
1459 1266 1622 1401 ingenii
1663 1262 1727 1359 sui
1759 1270 2092 1385 monumentis,

520 1389 618 1581 gui
707 1412 921 1513 restitutae
946 1412 1138 1515 scientiae
1163 1417 1215 1515 N
1219 1421 1402 1517 umariae
1427 1417 1654 1548 epocham
1686 1414 1912 1517 deducere
1937 1416 2009 1522 fas
2027 1418 2094 1520 fit.

459 1558 464 1567 ’
558 1564 568 1585 ’
620 1568 629 1587 ’
705 1566 943 1667 Boeotiam
985 1566 1157 1697 liquido
1200 1569 1448 1673 manifestat
1483 1571 1688 1691 scutum,
1728 1568 1912 1697 quoda
1941 1564 2088 1670 forma

703 1714 809 1819 huic
831 1724 1007 1845 regioni
1030 1720 1274 1852 peculiari,
1315 1725 1470 1850 paffinr
1500 1724 1671 1823 scutum
1706 1724 1978 1823 Boeoticum
2017 1749 2094 1821 au·

702 1870 799 1990 dit,
837 1876 1067 1996 numisque
1096 1874 1326 1977 Boeoticls
1368 1874 1558 1973 inhaeret
1584 1875 1721 2003 velut¹
1742 1876 1912 2004 signum
1945 1867 2093 1999 ‹imter-
2249 1857 2252 1863 ’

702 2053 846 2143 arnor,
890 2019 1123 2150 supprello
1154 2034 1292 2128 etiarn
1332 2031 1480 2157 gentis
1511 2032 1705 2128 nomine.
1728 2091 1737 2113 .-
1787 2032 1940 2129 Totus
1959 2026 2093 2125 labor

701 2176 765 2277 eil
784 2180 829 2272 in
847 2176 1123 2301 explicanda
1148 2178 1376 2303 praedidae
1401 2184 1604 2303 regionis
1631 2182 1754 2295 urbe,
1773 2203 1878 2299 quae
1901 2172 1992 2272 hos
2012 2198 2091 2267 nu·

699 2354 802 2425 rnos
831 2314 1104 2450 procuderit.
1153 2326 1591 2429 Pellerinianusnon
1617 2328 1691 2424 nih
1719 2324 1878 2427 literas
1898 2355 1971 2418 nn
1997 2319 2095 2420 elo·

698 2478 886 2603 quitur,
916 2504 981 2581 aa
1009 2460 1207 2579 reticet.¹
1259 2476 1358 2575 Illae
1391 2482 1528 2607 igitur
1569 2497 1748 2601 certum
1776 2474 1897 2578 urbis
1925 2502 2092 2573 nornen

698 2646 953 2729 truncatum
982 2638 1243 2753 continent,
1273 2648 1439 2758 utpote
1474 2658 1580 2754 qnae
1616 2630 1840 2730 ambobus
1871 2632 1915 2725 in
1954 2631 2100 2725 numis

699 2812 832 2909 aeque
871 2807 1131 2889 occurrunt.
1209 2787 1324 2886 Hoc
1363 2784 1506 2882 stante
1547 2782 1837 2908 Larymnanr
1869 2798 2099 2900 tenemus3

697 2962 844 3054 neque
873 2941 990 3027 enim
1018 2937 1152 3031 aliam
1168 2940 1376 3029 Boeotiae
1401 2933 1559 3031 urbem
1585 2936 1824 3061 cognovi,
1855 2937 1930 3028 cui
1957 2962 2009 3028 το
2032 2960 2101 3031 na

693 3104 953 3209 congruere
976 3077 1125 3209 poliat.
1203 3082 1278 3178 At
1314 3080 1424 3201 quid
1450 3087 1540 3177 erit
1561 3080 1710 3177 literis
1738 3112 1802 3183 za
1820 3153 1837 3198 ,
1855 3110 1971 3204 quas
1996 3084 2105 3209 adji-

697 3242 762 3338 cit
800 3239 994 3338 audl‘oris
1031 3240 1221 3335 numus?
1272 3232 1567 3361 Magistratus
1599 3233 1797 3333 initiales
1831 3231 1862 3329 h
1898 3232 2103 3355 dixeris,

699 3396 834 3487 citius
860 3420 997 3507 quarn
1024 3397 1181 3487 verius
1205 3388 1424 3511 expedita
1452 3393 1541 3483 erit
1566 3388 1769 3509 quaestio.
1850 3383 1976 3487 Mihi
2005 3392 2104 3513 qui·

697 3540 801 3631 dem
826 3534 969 3623 altera
996 3536 1202 3623 Boeotiae
1227 3532 1336 3621 urbs
1367 3529 1552 3624 latitare
1580 3538 1792 3644 videtur,
1831 3543 1903 3625 cui
1927 3563 2095 3624 nornen

653 3702 658 3713 “
695 3696 953 3808 mapulam.
1029 3676 1161 3797 Haec¹
1183 3678 1436 3801 Larymna
1470 3678 1689 3805 proxima
1719 3672 1832 3795 fuit,
1867 3690 2009 3797 atque
2040 3707 2105 3775 ex

509 3832 515 3841 ’
697 3828 1171 3947 comedendum,
1208 3844 1257 3926 ut
1283 3826 1501 3949 credam,
1536 3854 1615 3963 eas
1659 3825 1796 3925 urbes
1837 3825 2106 3924 societatem

699 3988 871 4115 iniiffe,
901 4007 984 4091 aut
1022 3978 1183 4087 feriilse
1221 3980 1402 4100 foedus,
1442 3985 1570 4108 cujus
1602 3980 1742 4078 telles
1781 3980 1863 4077 sant
1887 3973 1936 4074 hi
1956 3984 2106 4119 nunni,

699 4116 934 4267 utriusque
965 4140 1091 4241 urbis
1122 4142 1301 4236 nomine
1328 4135 1495 4262 hgnati.
1574 4136 1770 4260 Longus
1806 4133 1918 4244 sim,
1949 4130 1998 4223 id
2027 4160 2107 4257 ge-

699 4316 783 4389 nus
817 4292 1033 4412 exempla
1053 4294 1083 4383 fi
1106 4324 1136 4386 e-
1156 4293 1300 4387 numis
1352 4286 1623 4381 recenseam.
1705 4283 1865 4376 Sic&
1897 4274 2104 4378 Thellali

699 4443 949 4577 propinqui
988 4434 1109 4537 suam
1142 4436 1262 4535 adeo
1304 4466 1410 4533 curn
1439 4432 1664 4577 Romanis
1693 4458 1932 4531 omomnn
1955 4434 2001 4528 in
2027 4460 2106 4531 nu·

701 4602 788 4701 nris
815 4591 1190 4727 predicaverunt.
1267 4585 1471 4686 Accedit
1496 4599 1685 4711 recepta
1714 4583 1951 4682 Boeoticis
1983 4582 2104 4681 urbi·

705 4752 799 4853 bus
815 4740 1134 4862 consuetudo,
1168 4740 1290 4837 utin
1323 4738 1507 4868 publica
1537 4753 1723 4833 moneta
1759 4739 1908 4835 rarius
1948 4752 2100 4834 totum

708 4901 930 5015 adderent
955 4924 1147 5018 nomen,
1176 4894 1336 5025 laepius
1365 4897 1596 4999 innuerent
1637 4915 1722 4987 una
1756 4906 1929 4999 tanturn
1949 4884 2098 5142 [sayna.
