5242 6509
1005 371 1015 373 -
1041 371 1136 375 ⁷——
1224 377 1233 380 -
1347 374 1352 381 .
1378 369 1512 380 ..η-κη’
1612 369 2010 411 -ὴῖ--ι-ῌ--ᾑ-
2130 369 2261 374 -ν-----
2346 369 2424 946 -ἧ

2422 966 2423 981 l

740 1067 843 1180 ωε
1043 1157 1050 1168 ,
1183 1078 1660 1160 manacta

476 1265 711 1400 ff
730 1318 916 1422 valuisse
942 1332 1101 1443 aetate,
1130 1298 1344 1451 fuisseque
1377 1324 1639 1456 promiscue
1662 1318 1934 1444 adhibitum,
1964 1343 2105 1453 prout

562 1429 640 1515 Ν·
673 1581 677 1586 „
729 1475 951 1574 artificum
973 1471 1146 1576 ferebat
1169 1477 1325 1579 libido.
1401 1481 1485 1578 Ex
1502 1506 1596 1601 quo
1624 1477 1746 1578 Illius
1766 1477 1980 1604 Judicium
2004 1507 2110 1577 neu·

730 1632 900 1752 tiquam
931 1626 1140 1750 adridet,
1171 1632 1248 1753 qui
1277 1630 1546 1730 Automalae
1576 1630 1852 1756 Cyrenaicae
1882 1625 2004 1724 urbis
2034 1657 2111 1724 nu·

729 1783 914 1894 misma,
937 1806 965 1872 a
991 1781 1143 1878 Gorio
1165 1779 1460 1909 productum,
1480 1813 1541 1882 eo
1571 1812 1756 1910 quoque
1788 1784 1967 1880 nomine
1990 1775 2108 1876 frau-

729 1925 799 2024 dis
824 1925 1069 2046 infimum,
1097 1927 1224 2054 quod
1247 1929 1382 2056 figma
1414 1932 1580 2060 triplici
1609 1932 1781 2056 forma,
1822 1924 1985 2061 nempe
2005 1959 2045 2032 Σ.
2065 1963 2112 2027 c.

659 2098 663 2104 ’
726 2095 864 2199 atquc
905 2112 929 2174 [
967 2075 1147 2205 effigiat.
1225 2081 1346 2182 Eam
1385 2100 1617 2182 monetam
1652 2084 1787 2186 facile
1830 2053 2113 2210 ayruurolrrar

726 2225 1037 2343 absolverem,
1069 2230 1145 2320 nifi
1166 2238 1386 2353 graviora
1407 2235 1587 2328 latentis
1616 2234 1713 2328 doli
1738 2236 1966 2326 obstarent
1995 2229 2110 2327 indl-

575 2493 578 2498 y
724 2382 807 2476 cia.
886 2377 1147 2474 Generatim
1193 2374 1411 2476 Virorum
1462 2376 1811 2478 dotlifflmorum
1848 2394 2111 2511 complures

722 2522 784 2622 de
812 2540 948 2625 aetate
981 2554 1166 2652 quoque
1197 2531 1454 2626 terminus
1485 2534 1605 2624 recle
1626 2530 1788 2630 sentire
1813 2531 1969 2634 video.
2009 2530 2109 2628 Au·-
2246 2629 2249 2634 ,

724 2677 854 2808 gusto
880 2683 966 2775 vix
996 2683 1220 2802 antiquius
1257 2676 1464 2807 plerique
1496 2697 1683 2806 putant,
1711 2687 1987 2806 praecinente
2012 2707 2105 2774 ma·

723 2857 819 2955 gno
845 2825 1130 2956 Spanhemio.
1169 2826 1223 2958 ο)
1263 2827 1350 2926 Ast
1374 2829 1457 2927 fuit
1476 2828 1571 2952 jam
1603 2829 1852 2929 adhibitum
1883 2836 1930 2926 in
1958 2829 2108 2969 litera·

723 2993 779 3099 tq
805 2975 1074 3062 Archidami
1099 2977 1297 3087 clypeo,
1330 3002 1469 3086 quem
1498 2980 1722 3089 Amyclis
1760 2985 2001 3078 Laconicis
2038 3008 2112 3080 ce·

684 3209 689 3216 ,
723 3113 987 3208 leberrimus
1019 3117 1347 3218 Founnontius
1372 3116 1489 3208 inter
1524 3111 1758 3239 Apollinis
1787 3126 1946 3245 templi
1974 3129 2110 3224 rude·

724 3290 777 3362 ra
802 3257 999 3396 detexit
1021 3261 1086 3395 p)
1120 3261 1301 3360 Floruit
1329 3280 1482 3363 autem
1508 3259 1835 3384 Archidamus,
1859 3271 2107 3396 Spartano·

726 3427 826 3514 rum
855 3442 942 3513 rex
970 3420 1018 3511 δι
1054 3411 1171 3514 filius
1202 3413 1434 3540 Agesilai,
1472 3423 1690 3516 trecentis
1719 3419 1988 3548 &amplius
2030 3448 2107 3518 an·

726 3568 791 3660 nis
827 3583 931 3662 ante
967 3566 1164 3697 Augffl
1196 3585 1418 3692 tempora.
1494 3571 1604 3668 Nec
1644 3575 1789 3666 minus
1822 3577 2025 3667 occurrit
2061 3577 2107 3666 in

726 3713 899 3814 urbium
920 3718 1113 3812 monetis
1139 3718 1439 3816 remotiffimae
1474 3718 1732 3836 vetustatis,
1759 3715 1918 3816 Siridis
1944 3723 1990 3816 iu
2014 3721 2108 3816 Lu·

460 3869 474 3894 ⁰
621 3960 627 3968 ,
727 3871 879 3982 caula,
903 3860 955 3998 q)
995 3864 1262 3994 Agrigenti,
1291 3865 1341 3982 r)
1366 3872 1414 3964 δι
1441 3865 1659 3969 Mellanae
1686 3862 1734 4001 s)
1764 3874 1806 3965 in
1844 3868 2005 3968 Sicilia.
2054 3866 2109 3964 Id

725 4029 918 4135 verum,
943 4015 1002 4114 ab
1024 4016 1216 4143 Augusti
1256 4046 1388 4133 aeuo,
1421 4025 1653 4146 praecipue
1681 4021 1785 4144 post
1815 4012 2112 4139 Antoninof,

727 4161 998 4288 frequentius
1040 4185 1176 4291 atque
1222 4185 1326 4263 ante
1365 4165 1489 4264 fuille
1532 4169 1790 4292 usurpatum
1843 4175 1889 4262 in
1941 4173 2109 4284 numm,

728 4313 1144 4448 marmoribusque3
1176 4343 1338 4416 verum
1361 4311 1454 4412 hoc
1476 4309 1739 4416 ffilfiffimum
1750 4390 1768 4437 ,
1795 4302 1987 4442 coepille
2010 4332 2107 4413 tum

1952 4462 2032 4561 de-

787 4763 831 4870 ο)
861 4773 918 4846 De
935 4771 1055 4850 Praell.
1077 4773 1185 4846 Num.
1205 4767 1302 4844 Diis.
1326 4787 1391 4852 11,
1410 4786 1445 4860 p.
1465 4784 1557 4844 102.
1610 4769 1658 4864 p)
1688 4768 1803 4842 Mem.
1820 4766 1868 4840 de
1884 4764 1976 4842 Bell.
1995 4761 2109 4835 Lettr.

791 4905 831 4960 r.
851 4908 938 4968 xus.
977 4885 1018 4984 q)
1047 4887 1203 4962 Pellerln
1231 4901 1323 4958 111.
1340 4879 1463 4980 Suppl.
1484 4877 1542 4955 Pl.
1562 4897 1653 4962 111.
1672 4903 1711 4956 n.
1736 4899 1778 4978 9.
1836 4879 1873 4980 r)
1894 4876 2001 4974 Apud
2024 4898 2109 4948 eun·

773 4992 874 5066 -dem
891 4995 1232 5092 Rec.r.111,.p1.
1255 5013 1401 5073 cunr.
1425 5015 1461 5068 n.
1477 5006 1515 5084 7.
1572 4990 1612 5088 a>
1642 4994 1851 5093 Scriptores
1876 4991 1968 5078 inst.
1998 4992 2116 5069 nom·

794 5105 873 5208 Lat
891 5105 1060 5208 Heidelb.
1081 5125 1121 5181 r.
1146 5127 1181 5184 ι.
1200 5132 1235 5206 p.
1264 5108 1620 5208 320.Tab.uu11.
2047 5150 2050 5156 ·
