5242 6509
989 1087 1536 1156 uvnoeaum
1834 1072 1905 1170 w

1932 1250 2162 1280 ..ὴ

519 1331 599 1452 ,Γιω
617 1335 929 1452 contermina,
953 1347 1031 1428 aut
1057 1326 1234 1458 pridem
1260 1330 1376 1424 eruti
1401 1325 1520 1448 sunt,
1543 1331 1632 1435 'aut
1662 1316 1821 1414 nostris
1845 1307 1910 1412 es·
1933 1283 2162 1451 W

520 1477 752 1585 fodiuntur
773 1481 1077 1617 temporibus.
1154 1485 1222 1580 Hi
1246 1478 1514 1601 Claudiam,
1546 1477 1697 1592 Piam,
1730 1465 1911 1570 fidelem
2024 1430 2096 1511 ¹¹¹·

522 1635 721 1740 salutant.

1198 1876 1231 1936 ἥ

1091 1971 1123 2034 ’ist
1305 1965 1339 2026 ἃ

673 2204 1348 2276 rme1vmer11n11²evn1³1vm
1376 2204 1490 2269 reu.
1507 2186 1629 2312 Avu·
1650 2193 1688 2258 Ρ.
1705 2197 1764 2263 Μ.
1821 2171 1911 2266 Ca·
1969 2188 2020 2263 N.
2052 2183 2091 2260 6.

518 2346 604 2460 put
630 2328 832 2458 Philippi
863 2331 1014 2430 Patris
1043 2325 1217 2424 radiata
1242 2347 1421 2417 corona
1447 2333 1656 2414 ornatum
1678 2310 1729 2449 )(
1751 2349 1792 2416 Ρ.
1803 2345 1862 2416 nr.
1874 2351 1915 2420 s.

340 2545 343 2562 ·
520 2511 750 2580 comtum.
768 2513 856 2580 nn.
873 2512 920 2584 v.
943 2485 1147 2578 Vitioria
1176 2471 1410 2602 gradiem,
1444 2471 1487 2569 d.
1515 2469 1679 2568 sertum
1706 2475 1851 2596 gerit,
1877 2499 1913 2568 s.

521 2634 730 2764 palmam.
805 2635 898 2736 Hic
931 2631 992 2733 ibi
1019 2651 1171 2730 taurus
1191 2627 1291 2754 ¹leo.
1644 2618 1647 2624 ’
1850 2631 1854 2637 ’

1655 2809 1772 2890 AER.
1800 2811 1850 2890 11.

666 3089 913 3191 ‘Viminacii
947 3119 1089 3195 annus
1122 3095 1301 3222 quintus
1338 3089 1502 3226 legitur
1535 3094 1627 3198 sub
1664 3095 1908 3212 Gordiano
2053 3101 2059 3108 ’

447 3240 449 3248 ’
520 3247 636 3388 Pio,
669 3251 716 3342 &
741 3245 969 3374 Philippo.
1045 3246 1127 3344 Ex
1151 3276 1246 3372 quo
1266 3266 1424 3374 patet,
1451 3233 1715 3374 Philippum
1739 3247 1911 3347 eodem

522 3429 639 3499 anno
667 3395 905 3497 successisse
929 3395 1169 3506 Gordiano
1197 3399 1313 3517 Pio,
1332 3416 1470 3522 atque
1490 3398 1610 3495 adeo
1632 3425 1797 3495 annum
1820 3398 1913 3494 Co·

521 3550 659 3650 loniae
678 3551 876 3672 quintum
894 3577 1144 3677 congruere
1166 3556 1317 3680 primo
1341 3553 1519 3679 imperii
1540 3548 1752 3676 Philippi.
1792 3549 1909 3646 Hoc

521 3703 661 3824 stante
679 3703 876 3803 Victoria
896 3703 1131 3832 praesentis
1154 3705 1274 3800 numi
1297 3701 1386 3799 alia
1408 3700 1496 3826 eise
1518 3689 1698 3828 nequit,
1724 3727 1780 3798 ac
1795 3701 1906 3799 Per·

508 3853 794 3976 ⁸s1‚ca‚quam
828 3855 1026 3968 Colonia
1059 3845 1292 3984 ‘Philippo
1326 3881 1515 3979 regnum
1543 3855 1789 3979 auspicanti
1814 3879 1906 3948 nou

442 4079 446 4088 .
527 4014 621 4096 tam
673 4001 945 4126 gratulatur,
986 4034 1122 4126 quam
1160 4025 1329 4128 optat,
1380 4004 1489 4098 licet
1527 4009 1654 4094 votis
1696 3996 1906 4116 inanibun

520 4147 651 4244 Nam
673 4155 715 4246 is
747 4179 839 4276 pro
866 4177 948 4266 eo,
973 4167 1022 4280 ut
1052 4149 1265 4247 innueret
1298 4146 1553 4254 vittricibus
1582 4146 1804 4274 Gordiani
1835 4151 1909 4249 Pii

522 4299 684 4418 mmm,
714 4328 850 4425 quem
877 4327 962 4426 per
987 4287 1201 4396 summum
1232 4295 1358 4403 nefas
1388 4331 1424 4428 e
1456 4297 1612 4397 medio
1633 4298 1822 4409 sustulit,
1841 4317 1908 4399 te·

523 4450 588 4546 sie
608 4450 792 4550 Zonara
819 4524 851 4573 ‚‚
872 4480 977 4568 cum
1006 4451 1171 4581 sapore
1196 4452 1429 4570 Persarum
1457 4477 1567 4583 rege
1590 4478 1752 4577 pacem
1781 4451 1913 4575 fecit,

525 4599 936 4730 Mesopotamia&
963 4605 1186 4705 Armenia
1220 4603 1439 4703 concessis
1454 4675 1483 4723 „
1518 4627 1656 4727 atque
1679 4606 1742 4699 ita
1776 4602 1914 4703 rebus

528 4755 573 4846 in
588 4751 786 4854 'Oriente
806 4755 1056 4854 constitutis
1077 4787 1180 4854 cum
1203 4755 1325 4869 fiio,
1353 4757 1558 4852 Romam
1582 4749 1810 4880 profectus
1835 4755 1911 4854 est.

525 4903 676 5004 serius
696 4903 904 5028 quidem,
940 4903 1127 5004 instante
1145 4902 1328 5032 populo
1348 4902 1573 5007 Romano
1596 4905 1656 5006 ad
1689 4933 1815 5006 arma
1839 4932 1910 5004 re·
