5242 6509
930 1106 1487 1205 uvnounum
1809 1116 1936 1245 mo
2222 1156 2229 1171 ·

543 1364 669 1469 modi
692 1370 772 1471 vel
796 1368 1017 1495 ignobiles
1036 1372 1236 1500 catalogi
1264 1378 1310 1469 δι
1345 1374 1493 1473 musea
1526 1372 1681 1501 pallum
1712 1368 1915 1470 submini-
1932 1324 2196 1458 π’

544 1524 693 1623 strant.
770 1520 1015 1646 Reliquum
1054 1524 1144 1643 est,
1193 1543 1244 1619 ut
1287 1524 1547 1643 ostendam,
1587 1522 1725 1623 bovis
1750 1522 1916 1621 adver·
2011 1493 2080 1582 VJ·
2184 1576 2187 1585 ·

550 1676 644 1780 sum
681 1690 844 1801 caput,
866 1672 987 1775 serto
1015 1674 1367 1793 circumdatum,
1391 1703 1485 1771 non
1505 1674 1649 1773 modo
1672 1702 1762 1771 non
1785 1703 1917 1800 repu-

407 1884 415 1891 -
548 1851 690 1949 gnare
710 1821 935 1923 sententiae
961 1855 1105 1948 meae,
1130 1824 1207 1924 led
1234 1829 1369 1926 etiam
1404 1821 1591 1947 lavere3
1621 1832 1670 1921 &
1703 1824 1796 1922 boc
1825 1820 1919 1921 nul·

552 1974 603 2073 lo
629 1981 813 2102 negotio
841 1976 1063 2103 probabo.
1141 1974 1328 2075 Omitto
1352 1976 1567 2109 vulgares
1593 1974 1919 2101 Corcyraeum

556 2150 685 2241 mos,
716 2125 948 2247 inquibus
979 2144 1068 2223 aut·
1088 2129 1286 2253 integri,
1315 2144 1399 2225 aut
1423 2125 1592 2225 dimidii
1618 2124 1771 2220 boves
1801 2122 1923 2220 habl-

553 2290 662 2371 tant
740 2274 825 2371 Ad
848 2274 982 2369 alium
1012 2274 1148 2373 musei
1167 2274 1401 2403 Theopoli
1425 2302 1668 2403 provoco,
1690 2277 1768 2398 qui
1790 2272 1925 2371 Tom
2026 2372 2042 2383 ,

557 2452 603 2518 m
635 2427 697 2519 lta
717 2422 1005 2526 describitur:
1031 2496 1062 2543 „
1083 2424 1238 2554 Caput
1262 2426 1404 2524 bovis
1432 2424 1685 2528 adversum.
1724 2415 1779 2561 )(
1816 2424 1951 2523 Mo·

560 2601 828 2701 nogramma
859 2558 909 2695 <R
940 2579 1056 2673 mna
1089 2576 1386 2696 Coronam„
1442 2580 1581 2677 Huic
1616 2571 1706 2677 elle
1743 2564 1949 2699 Corcy·'

557 2750 697 2823 raeum
724 2756 857 2825 nemo
886 2723 1093 2844 negabit,
1113 2732 1190 2847 qui
1218 2731 1469 2826 meminerit
1495 2708 1723 2855 duplibem
1749 2733 1793 2827 ei
1822 2725 1933 2823 insu·
2100 2838 2103 2841 ⁴

561 2872 622 2967 lae
645 2868 856 3003 placuille
888 2887 1069 2989 notam,
1094 2899 1183 2997 qua
1209 2901 1371 2973 nomen
1395 2878 1517 2974 suum
1549 2884 1782 2995 innueret,
1812 2889 1935 2974 nem·

561 3052 622 3151 pe
652 3012 785 3145 R&
816 2999 887 3138 dl,
922 3020 1140 3147 exemplo
1163 3022 1380 3121 Panormi
1411 3026 1600 3144 Siciliae,
1629 3054 1734 3149 quae
1765 3028 1937 3156 pariter
2000 3052 2006 3061 ·

560 3198 900 3303 monogramma
919 3166 1135 3273 variabat
1186 3172 1413 3273 Tenemus
1429 3202 1547 3299 ergo
1577 3174 1801 3272 indubiam
1817 3177 1938 3273 Cor·

559 3350 765 3448 cyraeam
812 3337 1083 3436 monetam,
1137 3352 1242 3445 quae
1272 3321 1567 3447 parimodo,
1597 3339 1647 3416 ut
1675 3321 1938 3449 praeceden-

562 3492 661 3591 tes,
697 3460 939 3575 adversum
962 3472 1078 3567 tauri
1096 3488 1233 3599 caput
1255 3498 1446 3570 coronae
1465 3468 1663 3572 includit.

717 3751 837 3863 Haec
858 3767 962 3863 satis
992 3756 1083 3861 elle
1113 3756 1289 3887 poliunt.
1368 3700 1478 3893 Quo
1511 3754 1618 3882 plus
1643 3768 1796 3851 umen
1816 3750 1944 3855 diuis
2013 3847 2015 3854 .

567 3906 674 4005 fidei
701 3938 756 4006 ac
780 3912 1234 4021 luminisaccrescat,
1256 3904 1529 4030 aliquamdiu
1562 3900 1710 4001 adhuc
1725 3906 1849 4000 circa
1869 3920 1945 4028 ty-

571 4056 939 4185 posuerimus,
980 4082 1099 4181 quos
1131 4058 1254 4151 numi
1282 4060 1371 4151 mei
1399 4082 1500 4181 prae
1533 4054 1579 4151 le
1609 4050 1772 4153 ferunt
1848 4054 1945 4149 Pri·

571 4228 670 4305 mue
695 4207 980 4307 &secundus
1002 4198 1190 4309 Cereris
1209 4205 1447 4331 imaginem
1471 4197 1623 4315 habet
1699 4201 1824 4304 Huic
1845 4196 1948 4303 deae
2031 4315 2035 4321 ,

577 4359 791 4487 Corcyra
827 4359 952 4463 sacra
976 4354 1062 4459 fuit
1095 4352 1155 4457 ab
1179 4354 1489 4531 antiquillus&
1502 4352 1734 4484 numeria
1833 4460 1850 4511 .·
1951 4420 1959 4427 ·

433 4776 438 4789 Ι
643 4684 852 4795 ,anu-yae
870 4688 971 4793 neuun
991 4688 1044 4755 ενι
1075 4596 1229 4765 durum
1242 4690 1445 4759 annnam
1463 4684 1584 4791 γαιῃ.
1654 4763 1678 4792 ,ι
1842 4591 1855 4613 .-

649 4800 884 4921 strunt
908 4804 1019 4903 elato
1039 4838 1189 4935 ςαχω
1211 4837 1382 4933 namna
1401 4800 1666 4931 naaman

1204 5100 1456 5237 Aug„
1789 5100 1885 5207 Ce·
2054 5085 2080 5125 ⁵
2226 5097 2230 5105 ’
