5242 6509
934 1076 1488 1151 avuoraun
1807 1064 1907 1166 ms

542 1320 588 1411 &
627 1316 1026 1442 rontonicum,
1067 1312 1446 1445 quemadmodum
1480 1320 1525 1413 in
1569 1341 1660 1412 aere
1701 1310 1911 1410 Coorum
1929 1244 2164 1392 ᾗ
2287 1384 2292 1391 .

542 1499 690 1565 uo1ou
710 1472 756 1562 du
791 1502 938 1569 nomn
965 1470 1145 1598 iegitur.
1219 1472 1270 1571 ld
1303 1496 1450 1598 nego,
1481 1467 1640 1603 reapse
1670 1481 1910 1607 unumque
2010 1426 2078 1510 ‚vt

437 1630 444 1641 '
540 1613 756 1715 scribendi
780 1618 963 1719 modum
991 1653 1018 1719 a
1046 1627 1303 1723 monetariis
1340 1615 1554 1715 Solorum
1579 1612 1702 1714 fuiffe
1732 1616 1914 1743 usurpa·
2070 1635 2074 1644 ’

539 1786 663 1885 tum,
694 1767 829 1890 idque
857 1770 1025 1869 tamdiu
1047 1773 1221 1899 negabo
1235 1824 1265 1890 ,·
1283 1768 1441 1894 quoad
1476 1795 1562 1864 una
1589 1767 1744 1865 saltem
1775 1780 1916 1863 certae

539 1916 645 2015 fidei
661 1916 928 2042 'proferatur
959 1946 1168 2045 monera,
1193 1950 1296 2049 quae
1320 1923 1599 2018 contrarium
1627 1922 1823 2015 evincat.
1862 1944 1917 2007 ro

533 2096 603 2167 an
631 2062 847 2167 familiare
878 2070 1110 2197 Corcyrae
1144 2078 1318 2190 numiS,
1349 2096 1405 2169 ac
1434 2066 1751 2179 uerofinriliter
1777 2066 1918 2187 magi·

533 2217 717 2311 stratum
744 2236 902 2334 notat,
925 2246 1061 2341 quem
1083 2222 1374 2343 fignificatum
1393 2223 1441 2313 δι
1467 2243 1662 2352 anunm.
1681 2215 1757 2311 seu
1778 2239 1920 2311 nnana

537 2350 719 2457 alteriue
753 2370 897 2491 partis
924 2366 1091 2466 habere
1124 2386 1251 2495 puto.
1329 2364 1595 2467 Pellerinius
1628 2362 1740 2489 legit
1778 2390 1918 2478 ΑΜΑ,
2073 2464 2077 2477 ,

542 2538 690 2633 eoque
715 2514 951 2611 vocabulo
978 2519 1222 2647 suspicatur
1255 2513 1569 2632 Amathunta,
1604 2512 1738 2612 aliam
1767 2513 1919 2637 Cypri

521 2658 699 2776 'urbem
729 2661 895 2782 lutere,
931 2673 1003 2761 eui
1027 2696 1129 2761 cum
1153 2667 1272 2762 Solis
1292 2670 1483 2764 societas
1511 2666 1605 2763 srve
1629 2663 1783 2789 foedus
1810 2689 1919 2759 coa·

535 2810 678 2905 luerit.
753 2812 844 2909 Sed
864 2810 965 2905 haec
990 2814 1441 2935 eoajettura-tametfi
1464 2812 1730 2912 foecundum
1746 2808 1922 2906 Auno

535 2962 597 3054 ria
615 2961 839 3085 ingenium
860 2963 1171 3078 commendet,
1192 2963 1273 3059 vel
1298 2992 1440 3061 exeo
1457 2968 1548 3060 ruit
1569 2968 1775 3088 penitus,
1792 2954 1922 3084 quod

505 3126 661 3205 ¹meus
688 3134 845 3205 numus
875 3110 1166 3236 perelegans,
1204 3110 1431 3235 viridique
1460 3110 1695 3208 involutus
1718 3111 1942 3223 ramici,-

532 3256 808 3359 luculentam
849 3260 1127 3419 epigraphen
1164 3290 1368 3376 nnana,
1406 3262 1503 3359 sure
1538 3261 1692 3361 uniar
1729 3254 1924 3383 profite-

532 3426 615 3500 tur.
1776 3446 1783 3457 ,

523 3806 533 3881 ÷
684 3680 1642 3848 'Acarnanam

730 3938 1793 4100 nmacnontvm‘

676 4216 833 4350 Caput
857 4224 1085 4351 galeatum
1106 4226 1334 4328 Palladis:
1365 4234 1412 4329 in
1433 4257 1539 4329 area
1576 4224 1715 4327 facies
1739 4224 1902 4327 imber·
1981 4258 2031 4339 n.
2062 4259 2102 4350 6.

520 4366 890 4641 {teoduNcomuta
905 4450 921 4501 ,
970 4379 1123 4481 subtus
1154 4412 1199 4484 u.
1237 4373 1293 4511 )(
1316 4382 1533 4511 Pegasus
1574 4379 1781 4503 volans,
1821 4378 1903 4479 sub
1949 4461 1954 4467 .

1638 4670 1890 4802 ΜΘΗ,

1700 5032 1815 5138 Fre·
