<?xml version="1.0" encoding="UTF-8"?>
<!DOCTYPE html PUBLIC "-//W3C//DTD XHTML 1.0 Transitional//EN"
    "http://www.w3.org/TR/xhtml1/DTD/xhtml1-transitional.dtd">
<html xmlns="http://www.w3.org/1999/xhtml" xml:lang="en" lang="en">
 <head>
  <title>
</title>
<meta http-equiv="Content-Type" content="text/html;charset=utf-8" />
  <meta name='ocr-system' content='tesseract 3.04.00' />
  <meta name='ocr-capabilities' content='ocr_page ocr_carea ocr_par ocr_line ocrx_word'/>
</head>
<body>
  <div class='ocr_page' id='page_1' title='image "./populorumetregu00neumgoog_0262.png"; bbox 0 0 5242 6509; ppageno 0'>
   <div class='ocr_carea' id='block_1_1' title="bbox 719 1026 1713 1155">
    <p class='ocr_par' dir='ltr' id='par_1_1' title="bbox 719 1026 1713 1155">
     <span class='ocr_line' id='line_1_1' title="bbox 719 1026 1713 1155; baseline 0.005 -51"><span class='ocrx_word' id='word_1_1' title='bbox 719 1026 835 1149; x_wconf 49' lang='lat' dir='ltr'>Q&amp;</span> <span class='ocrx_word' id='word_1_2' title='bbox 1159 1042 1713 1155; x_wconf 43' lang='lat' dir='ltr'>ennecus,</span> 
     </span>
    </p>
   </div>
   <div class='ocr_carea' id='block_1_2' title="bbox 732 1230 737 1237">
    <p class='ocr_par' dir='ltr' id='par_1_2' title="bbox 732 1230 737 1237">
     <span class='ocr_line' id='line_1_2' title="bbox 732 1230 737 1237; baseline 0 -2"><span class='ocrx_word' id='word_1_3' title='bbox 732 1230 737 1237; x_wconf 57' lang='lat'><strong><em>⁴</em></strong></span> 
     </span>
    </p>
   </div>
   <div class='ocr_carea' id='block_1_3' title="bbox 470 1278 2097 1422">
    <p class='ocr_par' dir='ltr' id='par_1_3' title="bbox 470 1278 2097 1422">
     <span class='ocr_line' id='line_1_3' title="bbox 470 1278 2097 1422; baseline 0.009 -50"><span class='ocrx_word' id='word_1_4' title='bbox 470 1300 677 1386; x_wconf 67' lang='lat' dir='ltr'>pravae·</span> <span class='ocrx_word' id='word_1_5' title='bbox 712 1278 956 1403; x_wconf 86' lang='lat' dir='ltr'>antiquitus</span> <span class='ocrx_word' id='word_1_6' title='bbox 974 1306 1027 1389; x_wconf 88' lang='lat' dir='ltr'>ea</span> <span class='ocrx_word' id='word_1_7' title='bbox 1039 1278 1182 1407; x_wconf 43' lang='lat' dir='ltr'>,insula</span> <span class='ocrx_word' id='word_1_8' title='bbox 1206 1278 1527 1405; x_wconf 84' lang='lat' dir='ltr'>habitabatur,</span> <span class='ocrx_word' id='word_1_9' title='bbox 1557 1292 1596 1385; x_wconf 92' lang='lat' dir='ltr'>is</span> <span class='ocrx_word' id='word_1_10' title='bbox 1614 1296 1773 1413; x_wconf 79' lang='lat' dir='ltr'>numus</span> <span class='ocrx_word' id='word_1_11' title='bbox 1796 1301 2097 1422; x_wconf 84' lang='lat' dir='ltr'>competeret</span> 
     </span>
    </p>
   </div>
   <div class='ocr_carea' id='block_1_4' title="bbox 498 1398 2104 1625">
    <p class='ocr_par' dir='ltr' id='par_1_4' title="bbox 498 1390 2104 1625">
     <span class='ocr_line' id='line_1_4' title="bbox 498 1398 2104 1625; baseline 0.005 -95"><span class='ocrx_word' id='word_1_12' title='bbox 498 1398 660 1625; x_wconf 40' lang='lat' dir='ltr'>NR</span> <span class='ocrx_word' id='word_1_13' title='bbox 713 1428 867 1532; x_wconf 89' lang='lat' dir='ltr'>Pallas</span> <span class='ocrx_word' id='word_1_14' title='bbox 903 1434 950 1529; x_wconf 78' lang='lat' dir='ltr'>du</span> <span class='ocrx_word' id='word_1_15' title='bbox 979 1429 1215 1563; x_wconf 87' lang='lat' dir='ltr'>delphines</span> <span class='ocrx_word' id='word_1_16' title='bbox 1243 1434 1353 1537; x_wconf 83' lang='lat' dir='ltr'>nihil</span> <span class='ocrx_word' id='word_1_17' title='bbox 1377 1443 1482 1567; x_wconf 89' lang='lat' dir='ltr'>opis</span> <span class='ocrx_word' id='word_1_18' title='bbox 1515 1434 1749 1562; x_wconf 69' lang='lat' dir='ltr'>ferebant,</span> <span class='ocrx_word' id='word_1_19' title='bbox 1778 1468 1881 1539; x_wconf 89' lang='lat' dir='ltr'>narn</span> <span class='ocrx_word' id='word_1_20' title='bbox 1920 1444 1968 1543; x_wconf 93' lang='lat' dir='ltr'>hi</span> <span class='ocrx_word' id='word_1_21' title='bbox 1996 1447 2104 1571; x_wconf 87' lang='lat' dir='ltr'>typi</span> 
     </span>
    </p>
   </div>
   <div class='ocr_carea' id='block_1_5' title="bbox 538 1582 2427 5208">
    <p class='ocr_par' dir='ltr' id='par_1_5' title="bbox 538 1582 2427 5208">
     <span class='ocr_line' id='line_1_5' title="bbox 713 1582 2103 1723; baseline 0.005 -41"><span class='ocrx_word' id='word_1_22' title='bbox 713 1582 1026 1711; x_wconf 86' lang='lat' dir='ltr'>compluribus</span> <span class='ocrx_word' id='word_1_23' title='bbox 1046 1587 1207 1723; x_wconf 86' lang='lat' dir='ltr'>Cretae</span> <span class='ocrx_word' id='word_1_24' title='bbox 1241 1589 1426 1719; x_wconf 80' lang='lat' dir='ltr'>oppidis</span> <span class='ocrx_word' id='word_1_25' title='bbox 1455 1619 1730 1696; x_wconf 88' lang='lat' dir='ltr'>communes.</span> <span class='ocrx_word' id='word_1_26' title='bbox 1813 1592 1974 1693; x_wconf 89' lang='lat' dir='ltr'>Omnis</span> <span class='ocrx_word' id='word_1_27' title='bbox 1993 1621 2103 1721; x_wconf 84' lang='lat' dir='ltr'>pro</span> 
     </span>
     <span class='ocr_line' id='line_1_6' title="bbox 710 1732 2100 1881; baseline 0.009 -53"><span class='ocrx_word' id='word_1_28' title='bbox 710 1732 819 1843; x_wconf 88' lang='lat' dir='ltr'>inde</span> <span class='ocrx_word' id='word_1_29' title='bbox 857 1737 958 1861; x_wconf 85' lang='lat' dir='ltr'>spes</span> <span class='ocrx_word' id='word_1_30' title='bbox 977 1732 1037 1849; x_wconf 77' lang='lat' dir='ltr'>&#39;in</span> <span class='ocrx_word' id='word_1_31' title='bbox 1060 1739 1257 1881; x_wconf 88' lang='lat' dir='ltr'>solitaria</span> <span class='ocrx_word' id='word_1_32' title='bbox 1293 1740 1482 1841; x_wconf 78' lang='lat' dir='ltr'>literar</span> <span class='ocrx_word' id='word_1_33' title='bbox 1515 1743 1770 1865; x_wconf 84' lang='lat' dir='ltr'>nitebatur,</span> <span class='ocrx_word' id='word_1_34' title='bbox 1808 1775 1945 1872; x_wconf 89' lang='lat' dir='ltr'>quam</span> <span class='ocrx_word' id='word_1_35' title='bbox 1982 1748 2100 1859; x_wconf 80' lang='lat' dir='ltr'>inter</span> 
     </span>
     <span class='ocr_line' id='line_1_7' title="bbox 716 1878 2101 2026; baseline 0.004 -37"><span class='ocrx_word' id='word_1_36' title='bbox 716 1878 954 2015; x_wconf 72' lang='lat' dir='ltr'>delphines-</span> <span class='ocrx_word' id='word_1_37' title='bbox 984 1892 1180 1998; x_wconf 87' lang='lat' dir='ltr'>mediam</span> <span class='ocrx_word' id='word_1_38' title='bbox 1203 1892 1279 1992; x_wconf 89' lang='lat' dir='ltr'>hic</span> <span class='ocrx_word' id='word_1_39' title='bbox 1299 1920 1457 1993; x_wconf 90' lang='lat' dir='ltr'>numus</span> <span class='ocrx_word' id='word_1_40' title='bbox 1486 1893 1583 1995; x_wconf 90' lang='lat' dir='ltr'>lere</span> <span class='ocrx_word' id='word_1_41' title='bbox 1612 1900 1794 2026; x_wconf 91' lang='lat' dir='ltr'>penitus</span> <span class='ocrx_word' id='word_1_42' title='bbox 1823 1902 2101 2018; x_wconf 64' lang='lat' dir='ltr'>exitiosam,</span> 
     </span>
     <span class='ocr_line' id='line_1_8' title="bbox 717 2028 2107 2177; baseline -0.014 -33"><span class='ocrx_word' id='word_1_43' title='bbox 717 2034 879 2145; x_wconf 74' lang='lat' dir='ltr'>bonna</span> <span class='ocrx_word' id='word_1_44' title='bbox 899 2067 1018 2161; x_wconf 85' lang='lat' dir='ltr'>vero</span> <span class='ocrx_word' id='word_1_45' title='bbox 1042 2042 1223 2161; x_wconf 80' lang='lat' dir='ltr'>illaesam</span> <span class='ocrx_word' id='word_1_46' title='bbox 1241 2044 1437 2153; x_wconf 86' lang='lat' dir='ltr'>ostendit</span> <span class='ocrx_word' id='word_1_47' title='bbox 1460 2043 1607 2149; x_wconf 85' lang='lat' dir='ltr'>finilis</span> <span class='ocrx_word' id='word_1_48' title='bbox 1630 2046 1785 2171; x_wconf 80' lang='lat' dir='ltr'>alter,</span> <span class='ocrx_word' id='word_1_49' title='bbox 1803 2080 1940 2177; x_wconf 79' lang='lat' dir='ltr'>quem</span> <span class='ocrx_word' id='word_1_50' title='bbox 1957 2028 2107 2151; x_wconf 54' lang='lat' dir='ltr'>Khelss</span> 
     </span>
     <span class='ocr_line' id='line_1_9' title="bbox 718 2190 2100 2327; baseline 0.001 -33"><span class='ocrx_word' id='word_1_51' title='bbox 718 2190 822 2294; x_wconf 88' lang='lat' dir='ltr'>lius</span> <span class='ocrx_word' id='word_1_52' title='bbox 846 2196 1105 2323; x_wconf 88' lang='lat' dir='ltr'>ignotorum</span> <span class='ocrx_word' id='word_1_53' title='bbox 1140 2200 1182 2295; x_wconf 91' lang='lat' dir='ltr'>in</span> <span class='ocrx_word' id='word_1_54' title='bbox 1219 2197 1399 2299; x_wconf 79' lang='lat' dir='ltr'>clalsem</span> <span class='ocrx_word' id='word_1_55' title='bbox 1427 2197 1621 2325; x_wconf 76' lang='lat' dir='ltr'>redegit</span> <span class='ocrx_word' id='word_1_56' title='bbox 1666 2196 1721 2327; x_wconf 83' lang='lat' dir='ltr'>q)</span> <span class='ocrx_word' id='word_1_57' title='bbox 1784 2197 2100 2298; x_wconf 84' lang='lat' dir='ltr'>Occurrebant</span> 
     </span>
     <span class='ocr_line' id='line_1_10' title="bbox 721 2342 2102 2475; baseline 0.004 -34"><span class='ocrx_word' id='word_1_58' title='bbox 721 2344 961 2443; x_wconf 86' lang='lat' dir='ltr'>Cretenses</span> <span class='ocrx_word' id='word_1_59' title='bbox 992 2343 1178 2447; x_wconf 88' lang='lat' dir='ltr'>urbesa</span> <span class='ocrx_word' id='word_1_60' title='bbox 1218 2343 1330 2447; x_wconf 91' lang='lat' dir='ltr'>Rho</span> <span class='ocrx_word' id='word_1_61' title='bbox 1362 2346 1666 2475; x_wconf 86' lang='lat' dir='ltr'>auspicantes:</span> <span class='ocrx_word' id='word_1_62' title='bbox 1702 2342 1948 2464; x_wconf 83' lang='lat' dir='ltr'>Rhaucus,</span> <span class='ocrx_word' id='word_1_63' title='bbox 1975 2343 2102 2447; x_wconf 78' lang='lat' dir='ltr'>Rha.</span> 
     </span>
     <span class='ocr_line' id='line_1_11' title="bbox 720 2481 2104 2622; baseline 0.003 -29"><span class='ocrx_word' id='word_1_64' title='bbox 720 2492 888 2619; x_wconf 91' lang='lat' dir='ltr'>mnus,.</span> <span class='ocrx_word' id='word_1_65' title='bbox 901 2492 1156 2622; x_wconf 87' lang='lat' dir='ltr'>Rhytium,</span> <span class='ocrx_word' id='word_1_66' title='bbox 1196 2481 1541 2619; x_wconf 82' lang='lat' dir='ltr'>mediterraneae</span> <span class='ocrx_word' id='word_1_67' title='bbox 1578 2524 1765 2618; x_wconf 86' lang='lat' dir='ltr'>omnes3</span> <span class='ocrx_word' id='word_1_68' title='bbox 1808 2527 1836 2594; x_wconf 90' lang='lat' dir='ltr'>e</span> <span class='ocrx_word' id='word_1_69' title='bbox 1871 2500 2104 2597; x_wconf 87' lang='lat' dir='ltr'>maritimis</span> 
     </span>
     <span class='ocr_line' id='line_1_12' title="bbox 721 2642 2103 2777; baseline 0 -32"><span class='ocrx_word' id='word_1_70' title='bbox 721 2642 1035 2775; x_wconf 89' lang='lat' dir='ltr'>Rhithymna,</span> <span class='ocrx_word' id='word_1_71' title='bbox 1052 2678 1147 2777; x_wconf 94' lang='lat' dir='ltr'>quo</span> <span class='ocrx_word' id='word_1_72' title='bbox 1168 2646 1405 2777; x_wconf 88' lang='lat' dir='ltr'>delphines</span> <span class='ocrx_word' id='word_1_73' title='bbox 1421 2644 1641 2777; x_wconf 82' lang='lat' dir='ltr'>pellicere</span> <span class='ocrx_word' id='word_1_74' title='bbox 1656 2646 1946 2768; x_wconf 84' lang='lat' dir='ltr'>videbantur,</span> <span class='ocrx_word' id='word_1_75' title='bbox 1967 2650 2103 2747; x_wconf 85' lang='lat' dir='ltr'>testes</span> 
     </span>
     <span class='ocr_line' id='line_1_13' title="bbox 721 2781 2105 2933; baseline -0.001 -34"><span class='ocrx_word' id='word_1_76' title='bbox 721 2792 931 2929; x_wconf 80' lang='lat' dir='ltr'>maritimi</span> <span class='ocrx_word' id='word_1_77' title='bbox 961 2800 1075 2903; x_wconf 79' lang='lat' dir='ltr'>situs.</span> <span class='ocrx_word' id='word_1_78' title='bbox 1154 2799 1223 2903; x_wconf 82' lang='lat' dir='ltr'>Et</span> <span class='ocrx_word' id='word_1_79' title='bbox 1256 2793 1529 2933; x_wconf 82' lang='lat' dir='ltr'>substitissem</span> <span class='ocrx_word' id='word_1_80' title='bbox 1569 2796 1656 2898; x_wconf 89' lang='lat' dir='ltr'>hac</span> <span class='ocrx_word' id='word_1_81' title='bbox 1678 2803 1726 2897; x_wconf 92' lang='lat' dir='ltr'>in</span> <span class='ocrx_word' id='word_1_82' title='bbox 1759 2798 1870 2899; x_wconf 91' lang='lat' dir='ltr'>urbe</span> <span class='ocrx_word' id='word_1_83' title='bbox 1898 2781 2105 2924; x_wconf 73' lang='lat' dir='ltr'>quietus,</span> 
     </span>
     <span class='ocr_line' id='line_1_14' title="bbox 720 2936 2105 3089; baseline 0.002 -44"><span class='ocrx_word' id='word_1_84' title='bbox 720 2940 797 3045; x_wconf 80' lang='lat' dir='ltr'>nisi</span> <span class='ocrx_word' id='word_1_85' title='bbox 825 2954 1003 3049; x_wconf 88' lang='lat' dir='ltr'>molesti</span> <span class='ocrx_word' id='word_1_86' title='bbox 1018 2936 1228 3053; x_wconf 51' lang='lat' dir='ltr'>⁴Rha&#39;ncii</span> <span class='ocrx_word' id='word_1_87' title='bbox 1253 2937 1426 3061; x_wconf 79' lang='lat' dir='ltr'>fuissent</span> <span class='ocrx_word' id='word_1_88' title='bbox 1451 2946 1608 3087; x_wconf 89' lang='lat' dir='ltr'>iisdem</span> <span class='ocrx_word' id='word_1_89' title='bbox 1634 2951 1694 3055; x_wconf 84' lang='lat' dir='ltr'>usr</span> <span class='ocrx_word' id='word_1_90' title='bbox 1717 2949 1917 3089; x_wconf 89' lang='lat' dir='ltr'>piscibus</span> <span class='ocrx_word' id='word_1_91' title='bbox 1940 2955 2105 3082; x_wconf 82' lang='lat' dir='ltr'>inaere</span> 
     </span>
     <span class='ocr_line' id='line_1_15' title="bbox 721 3092 2105 3221; baseline 0.008 -30"><span class='ocrx_word' id='word_1_92' title='bbox 721 3094 831 3209; x_wconf 89' lang='lat' dir='ltr'>suo,</span> <span class='ocrx_word' id='word_1_93' title='bbox 880 3092 930 3209; x_wconf 85' lang='lat' dir='ltr'>r)</span> <span class='ocrx_word' id='word_1_94' title='bbox 970 3099 1179 3215; x_wconf 90' lang='lat' dir='ltr'>quamvis</span> <span class='ocrx_word' id='word_1_95' title='bbox 1212 3102 1392 3191; x_wconf 79' lang='lat' dir='ltr'>auctore</span> <span class='ocrx_word' id='word_1_96' title='bbox 1421 3094 1654 3221; x_wconf 89' lang='lat' dir='ltr'>Stephano</span> <span class='ocrx_word' id='word_1_97' title='bbox 1686 3103 1731 3195; x_wconf 90' lang='lat' dir='ltr'>in</span> <span class='ocrx_word' id='word_1_98' title='bbox 1766 3103 2105 3203; x_wconf 87' lang='lat' dir='ltr'>mediterraneis</span> 
     </span>
     <span class='ocr_line' id='line_1_16' title="bbox 722 3238 2102 3375; baseline 0.004 -31"><span class='ocrx_word' id='word_1_99' title='bbox 722 3244 869 3375; x_wconf 77' lang='lat' dir='ltr'>positi.</span> <span class='ocrx_word' id='word_1_100' title='bbox 947 3240 1155 3345; x_wconf 89' lang='lat' dir='ltr'>Tandem</span> <span class='ocrx_word' id='word_1_101' title='bbox 1192 3238 1383 3374; x_wconf 77' lang='lat' dir='ltr'>feliciter</span> <span class='ocrx_word' id='word_1_102' title='bbox 1412 3248 1597 3371; x_wconf 88' lang='lat' dir='ltr'>evenit,</span> <span class='ocrx_word' id='word_1_103' title='bbox 1637 3264 1689 3346; x_wconf 92' lang='lat' dir='ltr'>ut</span> <span class='ocrx_word' id='word_1_104' title='bbox 1729 3253 1773 3346; x_wconf 92' lang='lat' dir='ltr'>in</span> <span class='ocrx_word' id='word_1_105' title='bbox 1800 3250 1999 3375; x_wconf 80' lang='lat' dir='ltr'>alterum</span> <span class='ocrx_word' id='word_1_106' title='bbox 2037 3283 2102 3352; x_wconf 84' lang='lat' dir='ltr'>ex</span> 
     </span>
     <span class='ocr_line' id='line_1_17' title="bbox 721 3385 2427 3535; baseline 0.005 -39"><span class='ocrx_word' id='word_1_107' title='bbox 721 3415 915 3523; x_wconf 89' lang='lat' dir='ltr'>utraque</span> <span class='ocrx_word' id='word_1_108' title='bbox 940 3392 1073 3527; x_wconf 87' lang='lat' dir='ltr'>parte</span> <span class='ocrx_word' id='word_1_109' title='bbox 1096 3386 1278 3499; x_wconf 86' lang='lat' dir='ltr'>snnilem</span> <span class='ocrx_word' id='word_1_110' title='bbox 1306 3427 1488 3499; x_wconf 86' lang='lat' dir='ltr'>numum</span> <span class='ocrx_word' id='word_1_111' title='bbox 1520 3398 1765 3503; x_wconf 84' lang='lat' dir='ltr'>inciderem</span> <span class='ocrx_word' id='word_1_112' title='bbox 1791 3400 1849 3504; x_wconf 88' lang='lat' dir='ltr'>ab</span> <span class='ocrx_word' id='word_1_113' title='bbox 1875 3385 2110 3535; x_wconf 49' lang='lat' dir='ltr'>Arigonio‘</span> <span class='ocrx_word' id='word_1_114' title='bbox 2426 3503 2427 3516; x_wconf 43' lang='lat'>,</span> 
     </span>
     <span class='ocr_line' id='line_1_18' title="bbox 547 3546 2366 3678; baseline -0.002 -37"><span class='ocrx_word' id='word_1_115' title='bbox 547 3670 551 3678; x_wconf 15' lang='grc' dir='ltr'>ι</span> <span class='ocrx_word' id='word_1_116' title='bbox 654 3642 666 3653; x_wconf 77' lang='grc'>,,</span> <span class='ocrx_word' id='word_1_117' title='bbox 722 3546 1231 3674; x_wconf 82' lang='lat' dir='ltr'>pariterinterdubios</span> <span class='ocrx_word' id='word_1_118' title='bbox 1268 3546 1552 3668; x_wconf 89' lang='lat' dir='ltr'>ablegatum,</span> <span class='ocrx_word' id='word_1_119' title='bbox 1580 3547 1626 3674; x_wconf 78' lang='lat' dir='ltr'>s)</span> <span class='ocrx_word' id='word_1_120' title='bbox 1659 3560 1738 3670; x_wconf 89' lang='lat' dir='ltr'>qui</span> <span class='ocrx_word' id='word_1_121' title='bbox 1767 3584 1859 3651; x_wconf 90' lang='lat' dir='ltr'>non</span> <span class='ocrx_word' id='word_1_122' title='bbox 1887 3559 1983 3676; x_wconf 73' lang='lat' dir='ltr'>Jam</span> <span class='ocrx_word' id='word_1_123' title='bbox 2014 3563 2104 3674; x_wconf 90' lang='lat' dir='ltr'>pri·</span> <span class='ocrx_word' id='word_1_124' title='bbox 2204 3646 2208 3655; x_wconf 76' lang='grc'><em>,</em></span> <span class='ocrx_word' id='word_1_125' title='bbox 2356 3584 2366 3597; x_wconf 93' lang='grc'><em>·</em></span> 
     </span>
     <span class='ocr_line' id='line_1_19' title="bbox 720 3687 2209 3817; baseline 0 -30"><span class='ocrx_word' id='word_1_126' title='bbox 720 3716 841 3805; x_wconf 87' lang='lat' dir='ltr'>mam</span> <span class='ocrx_word' id='word_1_127' title='bbox 881 3687 1004 3805; x_wconf 88' lang='lat' dir='ltr'>urbis</span> <span class='ocrx_word' id='word_1_128' title='bbox 1041 3690 1221 3796; x_wconf 87' lang='lat' dir='ltr'>literam</span> <span class='ocrx_word' id='word_1_129' title='bbox 1261 3724 1330 3809; x_wconf 78' lang='lat' dir='ltr'>a,</span> <span class='ocrx_word' id='word_1_130' title='bbox 1373 3688 1453 3788; x_wconf 88' lang='lat' dir='ltr'>sed</span> <span class='ocrx_word' id='word_1_131' title='bbox 1473 3797 1475 3800; x_wconf 65' lang='grc'><strong>,</strong></span> <span class='ocrx_word' id='word_1_132' title='bbox 1496 3694 1664 3817; x_wconf 86' lang='lat' dir='ltr'>primas</span> <span class='ocrx_word' id='word_1_133' title='bbox 1711 3692 1910 3817; x_wconf 87' lang='lat' dir='ltr'>syllabas</span> <span class='ocrx_word' id='word_1_134' title='bbox 1954 3721 2100 3809; x_wconf 79' lang='lat' dir='ltr'>rora,</span> <span class='ocrx_word' id='word_1_135' title='bbox 2205 3695 2209 3699; x_wconf 67' lang='grc'><strong>“</strong></span> 
     </span>
     <span class='ocr_line' id='line_1_20' title="bbox 721 3827 2104 3975; baseline -0.004 -33"><span class='ocrx_word' id='word_1_136' title='bbox 721 3870 885 3975; x_wconf 89' lang='lat' dir='ltr'>nempe</span> <span class='ocrx_word' id='word_1_137' title='bbox 913 3844 1160 3943; x_wconf 88' lang='lat' dir='ltr'>retrorsum</span> <span class='ocrx_word' id='word_1_138' title='bbox 1187 3827 1408 3973; x_wconf 76' lang='lat' dir='ltr'>scriptas,</span> <span class='ocrx_word' id='word_1_139' title='bbox 1437 3837 1658 3969; x_wconf 90' lang='lat' dir='ltr'>delphinis</span> <span class='ocrx_word' id='word_1_140' title='bbox 1677 3838 1933 3971; x_wconf 90' lang='lat' dir='ltr'>interponit.</span> <span class='ocrx_word' id='word_1_141' title='bbox 1972 3841 2104 3943; x_wconf 84' lang='lat' dir='ltr'>Mox</span> 
     </span>
     <span class='ocr_line' id='line_1_21' title="bbox 723 3991 2103 4118; baseline -0.002 -25"><span class='ocrx_word' id='word_1_142' title='bbox 723 4004 869 4095; x_wconf 91' lang='lat' dir='ltr'>omnis</span> <span class='ocrx_word' id='word_1_143' title='bbox 889 3994 1129 4095; x_wconf 87' lang='lat' dir='ltr'>difficultas</span> <span class='ocrx_word' id='word_1_144' title='bbox 1150 3998 1344 4095; x_wconf 85' lang='lat' dir='ltr'>euanuit</span> <span class='ocrx_word' id='word_1_145' title='bbox 1390 4026 1542 4112; x_wconf 76' lang='lat' dir='ltr'>naor,</span> <span class='ocrx_word' id='word_1_146' title='bbox 1572 4022 1665 4091; x_wconf 91' lang='lat' dir='ltr'>non</span> <span class='ocrx_word' id='word_1_147' title='bbox 1692 4029 1811 4094; x_wconf 79' lang='lat' dir='ltr'>aron</span> <span class='ocrx_word' id='word_1_148' title='bbox 1837 3991 2103 4118; x_wconf 86' lang='lat' dir='ltr'>legendnm,</span> 
     </span>
     <span class='ocr_line' id='line_1_22' title="bbox 700 4145 2105 4280; baseline -0.006 -31"><span class='ocrx_word' id='word_1_149' title='bbox 700 4147 954 4270; x_wconf 56' lang='lat' dir='ltr'>,confestim</span> <span class='ocrx_word' id='word_1_150' title='bbox 979 4153 1147 4280; x_wconf 88' lang='lat' dir='ltr'>patuit,</span> <span class='ocrx_word' id='word_1_151' title='bbox 1174 4146 1299 4274; x_wconf 92' lang='lat' dir='ltr'>quod</span> <span class='ocrx_word' id='word_1_152' title='bbox 1324 4145 1625 4272; x_wconf 88' lang='lat' dir='ltr'>Rhithymnae</span> <span class='ocrx_word' id='word_1_153' title='bbox 1651 4153 1893 4261; x_wconf 88' lang='lat' dir='ltr'>memoria,</span> <span class='ocrx_word' id='word_1_154' title='bbox 1920 4166 1968 4239; x_wconf 93' lang='lat' dir='ltr'>ut</span> <span class='ocrx_word' id='word_1_155' title='bbox 1989 4172 2105 4269; x_wconf 87' lang='lat' dir='ltr'>prae·</span> 
     </span>
     <span class='ocr_line' id='line_1_23' title="bbox 721 4296 2103 4423; baseline -0.004 -28"><span class='ocrx_word' id='word_1_156' title='bbox 721 4296 847 4416; x_wconf 89' lang='lat' dir='ltr'>dixi,</span> <span class='ocrx_word' id='word_1_157' title='bbox 874 4301 1073 4417; x_wconf 90' lang='lat' dir='ltr'>alioquin</span> <span class='ocrx_word' id='word_1_158' title='bbox 1101 4306 1251 4399; x_wconf 89' lang='lat' dir='ltr'>animo</span> <span class='ocrx_word' id='word_1_159' title='bbox 1268 4301 1361 4423; x_wconf 88' lang='lat' dir='ltr'>jam</span> <span class='ocrx_word' id='word_1_160' title='bbox 1386 4300 1478 4394; x_wconf 91' lang='lat' dir='ltr'>alte</span> <span class='ocrx_word' id='word_1_161' title='bbox 1511 4298 1684 4395; x_wconf 60' lang='lat' dir='ltr'>insedit,</span> <span class='ocrx_word' id='word_1_162' title='bbox 1756 4302 1990 4393; x_wconf 88' lang='lat' dir='ltr'>Praeterea</span> <span class='ocrx_word' id='word_1_163' title='bbox 2021 4323 2103 4390; x_wconf 84' lang='lat' dir='ltr'>ex·</span> 
     </span>
     <span class='ocr_line' id='line_1_24' title="bbox 722 4442 2118 4579; baseline -0.001 -38"><span class='ocrx_word' id='word_1_164' title='bbox 722 4446 942 4574; x_wconf 83' lang='lat' dir='ltr'>perientia</span> <span class='ocrx_word' id='word_1_165' title='bbox 968 4443 1128 4540; x_wconf 78' lang='lat' dir='ltr'>dottus</span> <span class='ocrx_word' id='word_1_166' title='bbox 1155 4448 1305 4572; x_wconf 90' lang='lat' dir='ltr'>probe</span> <span class='ocrx_word' id='word_1_167' title='bbox 1326 4472 1574 4563; x_wconf 85' lang='lat' dir='ltr'>noveram,</span> <span class='ocrx_word' id='word_1_168' title='bbox 1598 4446 1718 4573; x_wconf 91' lang='lat' dir='ltr'>saepe</span> <span class='ocrx_word' id='word_1_169' title='bbox 1753 4478 1787 4544; x_wconf 84' lang='lat' dir='ltr'>o</span> <span class='ocrx_word' id='word_1_170' title='bbox 1811 4442 1869 4542; x_wconf 92' lang='lat' dir='ltr'>ab</span> <span class='ocrx_word' id='word_1_171' title='bbox 1892 4481 1923 4540; x_wconf 91' lang='grc' dir='ltr'><strong>ο</strong></span> <span class='ocrx_word' id='word_1_172' title='bbox 1943 4449 1988 4541; x_wconf 92' lang='lat' dir='ltr'>in</span> <span class='ocrx_word' id='word_1_173' title='bbox 2011 4472 2118 4579; x_wconf 78' lang='lat' dir='ltr'>aera</span> 
     </span>
     <span class='ocr_line' id='line_1_25' title="bbox 722 4592 2102 4727; baseline -0.005 -29"><span class='ocrx_word' id='word_1_174' title='bbox 722 4612 887 4699; x_wconf 84' lang='lat' dir='ltr'>uetere</span> <span class='ocrx_word' id='word_1_175' title='bbox 910 4592 1153 4699; x_wconf 87' lang='lat' dir='ltr'>difficulter</span> <span class='ocrx_word' id='word_1_176' title='bbox 1175 4594 1391 4719; x_wconf 88' lang='lat' dir='ltr'>discerni,</span> <span class='ocrx_word' id='word_1_177' title='bbox 1416 4597 1512 4698; x_wconf 85' lang='lat' dir='ltr'>five</span> <span class='ocrx_word' id='word_1_178' title='bbox 1541 4604 1703 4727; x_wconf 79' lang='lat' dir='ltr'>puntio</span> <span class='ocrx_word' id='word_1_179' title='bbox 1726 4596 1808 4697; x_wconf 93' lang='lat' dir='ltr'>illo</span> <span class='ocrx_word' id='word_1_180' title='bbox 1833 4594 1989 4697; x_wconf 91' lang='lat' dir='ltr'>medio</span> <span class='ocrx_word' id='word_1_181' title='bbox 2012 4624 2102 4693; x_wconf 93' lang='lat' dir='ltr'>non</span> 
     </span>
     <span class='ocr_line' id='line_1_26' title="bbox 538 4744 2098 4846; baseline 0.005 -29"><span class='ocrx_word' id='word_1_182' title='bbox 538 4744 543 4753; x_wconf 37' lang='grc'>1</span> <span class='ocrx_word' id='word_1_183' title='bbox 1944 4778 2024 4846; x_wconf 72' lang='lat' dir='ltr'>ex.</span> <span class='ocrx_word' id='word_1_184' title='bbox 2094 4815 2098 4825; x_wconf 90' lang='lat'><em>.</em></span> 
     </span>
     <span class='ocr_line' id='line_1_27' title="bbox 780 4967 2101 5092; baseline 0.002 -29"><span class='ocrx_word' id='word_1_185' title='bbox 780 4983 825 5091; x_wconf 88' lang='lat' dir='ltr'>q)</span> <span class='ocrx_word' id='word_1_186' title='bbox 858 4994 951 5092; x_wconf 79' lang='lat' dir='ltr'>Adp.</span> <span class='ocrx_word' id='word_1_187' title='bbox 971 4994 1031 5067; x_wconf 89' lang='lat' dir='ltr'>alt.</span> <span class='ocrx_word' id='word_1_188' title='bbox 1055 4994 1100 5065; x_wconf 90' lang='lat' dir='ltr'>ad</span> <span class='ocrx_word' id='word_1_189' title='bbox 1124 4991 1246 5071; x_wconf 82' lang='lat' dir='ltr'>Gelan.</span> <span class='ocrx_word' id='word_1_190' title='bbox 1268 5010 1308 5068; x_wconf 80' lang='grc' dir='ltr'>τ.</span> <span class='ocrx_word' id='word_1_191' title='bbox 1334 4968 1403 5077; x_wconf 68' lang='lat' dir='ltr'>nu,⁶</span> <span class='ocrx_word' id='word_1_192' title='bbox 1414 5012 1450 5068; x_wconf 89' lang='lat' dir='ltr'>n.</span> <span class='ocrx_word' id='word_1_193' title='bbox 1467 5000 1519 5080; x_wconf 70' lang='grc' dir='ltr'>2.ι</span> <span class='ocrx_word' id='word_1_194' title='bbox 1564 4967 1609 5085; x_wconf 71' lang='grc' dir='ltr'>τ)</span> <span class='ocrx_word' id='word_1_195' title='bbox 1632 4986 1723 5065; x_wconf 81' lang='lat' dir='ltr'>Res.</span> <span class='ocrx_word' id='word_1_196' title='bbox 1742 4999 1783 5060; x_wconf 79' lang='grc' dir='ltr'>τ.</span> <span class='ocrx_word' id='word_1_197' title='bbox 1804 5008 1874 5071; x_wconf 76' lang='grc' dir='ltr'>ιιι.</span> <span class='ocrx_word' id='word_1_198' title='bbox 1891 4968 2101 5084; x_wconf 63' lang='lat' dir='ltr'>plensu}</span> 
     </span>
     <span class='ocr_line' id='line_1_28' title="bbox 780 5102 1192 5208; baseline 0 -29"><span class='ocrx_word' id='word_1_199' title='bbox 780 5102 820 5208; x_wconf 85' lang='lat' dir='ltr'>s)</span> <span class='ocrx_word' id='word_1_200' title='bbox 851 5102 945 5179; x_wconf 81' lang='lat' dir='ltr'>Tab.</span> <span class='ocrx_word' id='word_1_201' title='bbox 967 5124 1073 5181; x_wconf 86' lang='lat' dir='ltr'>u111.</span> <span class='ocrx_word' id='word_1_202' title='bbox 1095 5126 1131 5179; x_wconf 91' lang='lat' dir='ltr'>n.</span> <span class='ocrx_word' id='word_1_203' title='bbox 1154 5120 1192 5199; x_wconf 83' lang='lat'>7,</span> 
     </span>
    </p>
   </div>
   <div class='ocr_carea' id='block_1_6' title="bbox 0 0 2631 6500">
    <p class='ocr_par' dir='ltr' id='par_1_6' title="bbox 0 0 2631 6500">
     <span class='ocr_line' id='line_1_29' title="bbox 0 0 2631 6500; baseline 0 0"><span class='ocrx_word' id='word_1_204' title='bbox 0 0 2631 6500; x_wconf 95' lang='lat' dir='ltr'> </span> 
     </span>
    </p>
   </div>
  </div>
 </body>
</html>
