5242 6509
969 1065 1561 1173 erroreum»
1793 1087 1895 1189 ιη

526 1365 627 1438 rum
650 1267 904 1468 Augustus,
924 1409 952 1455 ‚‚
977 1341 1025 1434 &
1050 1327 1267 1463 conjectat
1286 1332 1516 1464 graeculos
1530 1324 1759 1445 Thraces,
1772 1321 1899 1450 quod
1914 1269 2151 1405 ff

528 1487 678 1614 palirm
710 1492 753 1584 in
782 1489 880 1586 aliis
914 1492 1183 1584 Latinorum
1206 1493 1339 1612 juxta
1363 1515 1419 1582 ac
1449 1483 1720 1582 Graecorum
1757 1480 1901 1572 numia
1991 1433 2074 1524 'W'

525 1643 573 1734 δι
607 1643 908 1736 monumentis
950 1637 1246 1773 observarent
1274 1617 1507 1733 numerum
1542 1625 1783 1757 quemdam
1816 1625 1901 1722 lm·

526 1793 761 1914 peratorio
791 1808 867 1887 aut
897 1787 1135 1888 Consulum·
1161 1785 1328 1905 titulo,
1358 1783 1440 1883 vel
1465 1783 1730 1884 Tribunitiae
1760 1779 1900 1875 Pote·

436 1989 448 2000 .
527 1937 628 2032 stati
654 1937 862 2065 adjungi,
894 1941 987 2039 five
1013 1921 1157 2037 annos
1191 1938 1367 2064 imperii
1397 1934 1640 2060 adsignari,
1669 1927 1789 2026 hunc
1804 1926 1900 2024 imi·

529 2101 654 2180 ratos
676 2082 800 2182 fuilse
829 2117 1003 2185 morem
1016 2123 1053 2202 ,·
1074 2066 1370 2208 censuilleque
1401 2082 1460 2180 ad
1491 2080 1685 2202 Augusti
1716 2105 1902 2196 quoque

516 2228 704 2326 ‘titulum
734 2260 951 2331 armorum
979 2231 1106 2359 polle
1144 2253 1300 2330 notam
1335 2227 1537 2328 adscribi.
1614 2221 1736 2360 Quid
1758 2221 1796 2319 'st
1822 2247 1905 2316 no·
2008 2266 2014 2282 ·

529 2377 621 2476 liro
652 2385 822 2505 pariter
845 2388 892 2479 in
917 2410 1054 2504 numo
1097 2379 1231 2482 litera
1262 2413 1298 2478 Δ
1330 2378 1507 2476 initialis
1541 2374 1663 2475 foret
1695 2401 1753 2468 ru
1785 2402 1869 2469 arc
1882 2444 1904 2488 ,

529 2527 737 2654 adeoque
769 2530 1037 2655 legendum:
1075 2561 1198 2632 hur.
1218 2563 1310 2630 au.
1329 2563 1388 2632 m.
1417 2558 1535 2633 hur.
1567 2529 1652 2642 &q
1682 2519 1777 2623 hoc
1814 2523 1907 2622 eli:

525 2675 782 2806 Imperator
808 2685 891 2790 Bis
921 2685 997 2783 M.
1023 2681 1252 2782 Antonius
1276 2685 1397 2810 &cl

680 2973 1032 3120 Aliquanusper‘
1055 2993 1206 3093 adhuc
1246 3014 1451 3094 moratur
1495 2999 1627 3094 litera
1674 3025 1728 3116 r,
1771 3023 1907 3120 quam

475 3239 480 3250 1
525 3141 718 3269 praesens
745 3170 907 3240 numus
940 3149 988 3241 &
1023 3145 1233 3245 rotundae
1253 3145 1556 3272 &quadratae
1583 3145 1745 3245 formae
1767 3149 1906 3244 osten·

526 3309 604 3386 tat.
683 3291 869 3390 Praebet
899 3293 1089 3394 alterum
1114 3298 1209 3418 ejus
1251 3303 1319 3394 rei
1348 3296 1613 3421 exemplum
1644 3294 1908 3392 Anchialus

526 3439 763 3560 Thraciae,
791 3445 915 3566 cujus
944 3459 1128 3541 moneta
1158 3451 1204 3541 in
1245 3448 1440 3544 auctoris
1466 3443 1648 3564 museo,
1682 3440 1921 3544 Gordiani·
2018 3539 2023 3548 .

526 3585 698 3718 pariter
734 3595 783 3689 ὅτ
828 3592 1148 3720 Tranquillinae
1185 3595 1387 3702 vultibus
1415 3595 1690 3724 codpicua,
1726 3592 1908 3693 scribit:

524 3771 819 3842 rorumuot.
838 3773 935 3844 ctu.
986 3747 1235 3845 Praetereo·
1254 3747 1364 3847 alias
1383 3778 1475 3845 non
1501 3773 1668 3874 paucas
1697 3749 1906 3871 Europae

350 3937 356 3946 »κ
526 3890 741 4012 Asiaeque
770 3891 930 4016 urbes,
966 3892 1131 4020 quibus
1160 3927 1262 3996 eam
1291 3899 1471 3995 literam
1498 3895 1665 3996 eodem
1689 3900 1734 3990 in
1766 3919 1905 3988 numo

526 4023 706 4135 mriare
751 4037 968 4167 placuit,
1002 4049 1096 4168 imo
1137 4075 1258 4144 vero
1292 4051 1337 4137 iu
1365 4045 1532 4143 eodem
1563 4037 1840 4156 vocabulo,‘
1854 4053 1906 4134 ut

523 4183 825 4314 Aphrodisias
847 4195 905 4285 in
938 4189 1079 4316 Caria
1102 4187 1181 4320 ἠ)
1223 4195 1431 4291 Soaemiae
1467 4195 1596 4317 Aug.
1633 4216 1794 4287 nomen
1821 4177 1922 4285 ex?
2043 4260 2054 4284 .

525 4339 676 4460 prellrt
701 4369 968 4442 [0A1M1Ac.
1023 4339 1112 4440 Vel
1136 4347 1262 4441 unius
1292 4341 1506 4450 Thraciae
1537 4347 1752 4446 civitates
1779 4335 1906 4435 lucu·'

527 4481 671 4585 lenter
709 4488 903 4615 docent,
939 4491 1140 4626 lunatum
1178 4490 1534 4624 quadratumque
1567 4493 1714 4629 ‘sigma
1742 4485 1902 4584 eadem

1346 4666 1360 4692 ·
1744 4660 1827 4732 va-

516 4991 1904 5064 ······“·······-··τ-·-·’“······“······“““,“’

587 5079 633 5186 n)
662 5087 817 5166 Pelleriu
846 5087 939 5166 Mel.
970 5111 1035 5174 11,
1065 5095 1218 5188 plxrlx.
1238 5113 1274 5175 n.
1295 5109 1337 5172 2·
1428 5171 1465 5205 .-
