5242 6509
976 1098 1529 1174 svnoeann
1793 1096 1896 1195 am

514 1342 597 1445 ba·
665 1334 739 1447 Ita
761 1349 843 1445 brt.
867 1372 969 1441 ons.
1002 1374 1089 1447 uir.
1123 1374 1228 1441 oux.
1263 1375 1347 1438 nn.
1391 1322 2149 1467 ·Thebae‚·Thetp1ae‚'u‘n‘ivijs

513 1492 827 1623 Mycalellus‚
867 1478 1212 1614 Orchomenus,
1249 1492 1474 1620 Tanagrae
1504 1494 1731 1620 scripsere.
1811 1487 1894 1588 Ad
1976 1468 2090 1667 Nm

510 1648 630 1747 hunc
655 1676 834 1749 morem
861 1653 927 1746 uti
959 1653 1194 1776 Larymna
1225 1684 1332 1769 nn,
1377 1652 1442 1743 ita
1475 1649 1613 1745 etiam
1647 1644 1895 1773 Salganeus
2014 1636 2025 1663 ⁶
2059 1604 2096 1675 ¹²

511 1806 641 1900 unice
674 1834 739 1905 aa
769 1801 973 1930 praesenti
1009 1832 1148 1904 numo
1186 1800 1468 1929 inscriplerit.
1546 1796 1636 1897 Sed
1682 1812 1807 1897 utut
1841 1772 1920 1894 fit⁰

347 2044 351 2049 .
514 1952 575 2051 de
612 1954 841 2079 postrema
875 1953 1027 2075 urbe,
1068 1953 1180 2053 illud
1220 1972 1431 2094 eertum,
1466 1956 1668 2051 neutrius
1704 1944 1895 2101 antehac

437 2182 450 2223 ,
513 2100 641 2203 suille
660 2125 892 2206 monetam
920 2112 1165 2233 cognitam.

422 2362 429 2375 '
542 2400 546 2409 ’
670 2400 921 2523 Larymna
947 2395 1053 2494 duae
1076 2388 1289 2493 Straboni
1319 2391 1539 2521 explicite
1563 2362 1919 2521 memoranturg

518 2576 603 2647 una
630 2617 664 2667 ,‚
678 2528 927 2669 Locridis,
958 2578 1062 2673 quaa
1095 2548 1306 2676 superior
1336 2545 1531 2665 dicitur,
1564 2548 1612 2639 ἂ
1634 2545 1721 2646 alia
1756 2548 1904 2647 Boeo·

516 2703 607 2798 tica
633 2696 693 2797 ad
729 2701 990 2813 mareins,
1022 2704 1097 2792 cui
1138 2701 1418 2819 superiorem
1455 2702 1652 2801 Romani
1689 2697 1904 2824 adjunxe-

513 2848 648 2970 runt,
684 2920 713 2967 ‚‚
749 2874 864 2973 quae.
883 2846 1027 2946 verba
1061 2844 1197 2971 ipsius
1232 2846 1471 2947 Strabonis
1510 2849 1620 2947 sunt.
1653 2846 1708 2965 rr)
1745 2851 1907 2951 Pausa·

513 3006 613 3101 nias
648 3026 741 3097 non
766 2985 997 3125 agnoseit,
1032 2997 1107 3094 nifi
1135 3026 1291 3113 unam,
1324 2991 1373 3130 o)
1408 3005 1532 3126 cujus
1571 3002 1728 3097 locum
1768 3004 1909 3103 latine

474 3178 483 3187 ’
516 3154 699 3251 versum
734 3148 928 3279 expedit
958 3150 1045 3249 huc
1069 3150 1436 3297 transseribere:
1480 3223 1510 3270 ‚‚
1537 3152 1752 3278 superato
1778 3156 1906 3252 Ptoo

440 3334 444 3347 “
512 3325 697 3427 monte,
718 3306 782 3403 est
803 3302 863 3402 ad
884 3333 1010 3402 mare
1031 3305 1317 3397 Boeotorum
1339 3298 1448 3394 urbs
1472 3302 1725 3422 Larymna
1800 3305 1905 3401 No·

513 3488 617 3553 men
660 3456 849 3555 inditum
880 3453 1030 3553 lerunt
1057 3480 1091 3547 a·
1115 3454 1356 3575 Larymna
1381 3452 1513 3576 Cyni
1550 3448 1653 3547 filia
1673 3523 1685 3548 .
1704 3514 1748 3557 ·.
1786 3451 1907 3553 Cum

419 3618 421 3623 '
517 3607 707 3733 Opunte
728 3607 835 3703 olim
867 3602 1131 3703 censebatur
1158 3603 1423 3726 Larymna3
1448 3597 1526 3701 sed
1556 3606 1693 3703 antiis
1722 3602 1908 3709 Theba·

515 3784 677 3853 norum
723 3752 890 3881 opibus
929 3753 1056 3851 ultro
1070 3782 1085 3797 *
1105 3754 1150 3853 se
1188 3753 1249 3851 ad
1286 3754 1494 3853 Boeotos
1537 3754 1847 3877 adjunxerunt.
1873 3833 1906 3880 ‚‚

517 3901 706 3999 Ambos
727 3903 1028 4029 geographos
1040 3901 1294 4039 iffalmerius
1319 3894 1564 4002 conciliare
1582 3906 1907 4033 studet‚quem

519 4056 598 4179 qui
629 4050 762 4149 volet
784 4123 799 4170 ‚
822 4049 1042 4150 consulat
1068 4038 1132 4181 sp)
1169 4056 1221 4149 A
1244 4081 1364 4149 vero
1398 4083 1493 4153 non
1516 4052 1765 4177 abhorret,
1781 4056 1909 4158 femi·

518 4233 650 4305 neam
689 4222 969 4331 protomen,
1012 4232 1149 4329 quam
1188 4202 1514 4305 Pellerinianus
1553 4210 1601 4304 δι
1642 4210 1793 4309 noster
1826 4240 1906 4311 nu-

501 4382 634 4451 ·mus'
653 4356 882 4471 ostentat,
927 4350 1016 4453 elle
1053 4362 1308 4484 Larymnae
1341 4360 1469 4488 Cyni
1496 4358 1617 4463 filiae:
1690 4361 1903 4466 Alteram

518 4502 676 4605 urbem
700 4505 920 4635 Salganea
951 4507 1118 4611 Strabo
1144 4510 1350 4613 collocat
1378 4518 1424 4613 in
1462 4510 1590 4614 edito
1630 4510 1764 4622 loco,
1802 4518 1902 4618 Ste·

1693 4660 1827 4791 pm·
1892 4702 1901 4715 .

1284 5146 1313 5215 θ
