5242 6509
700 1035 771 1162 36
1229 1057 1607 1136 reaten

442 1275 677 1380 'W
698 1308 869 1416 Fertur
898 1301 1020 1406 ldem
1045 1335 1149 1408 cum
1175 1323 1307 1438 parte
1338 1301 1502 1435 populi
1521 1299 1822 1434 Corcyrenfis
1850 1307 2086 1412 inltaham

530 1423 586 1495 Η·
705 1453 959 1587 navigasse,
989 1466 1185 1562 &mox
1212 1457 1424 1583 additur,
1451 1455 1576 1559 fnisse
1607 1459 1863 1567 Locrenses
1893 1465 1983 1563 hos
2000 1466 2090 1566 Ita·

707 1615 882 1722 licosa
927 1608 1192 1714 Phaeacibus
1234 1641 1324 1739 pro
1358 1621 1567 1740 cognatis
1600 1611 1796 1714 habitos
1877 1616 2092 1738 Exinde,

706 1794 784 1864 me
805 1759 985 1889 jndice,
1008 1762 1213 1864 manibus
1238 1768 1460 1865 rationem
1501 1787 1729 1887 tenemuS,
1767 1797 1849 1868 cur
1884 1773 2094 1869 Locren·

707 1921 777 2018 ses
815 1916 884 2014 isti
924 1913 1191 2017 Corinthios
1229 1921 1273 2014 in
1312 1923 1469 2020 numis.
1495 1917 1678 2051 proselh
1710 1918 1874 2021 fuerint
1910 1921 2094 2021 natales.
2273 2029 2279 2038 ,

708 2071 860 2168 Erant
904 2076 1105 2198 quippe,
1142 2088 1194 2167 ut
1237 2066 1431 2194 dissum,
1469 2102 1638 2201 genere
1682 2071 1942 2197 Corcyraei.
2021 2073 2097 2167 At

711 2251 941 2343 κεξκυςαιω
978 2226 1179 2341 κοςινθιοι
1211 2235 1396 2338 nodus,
1434 2221 1680 2348 Corcyraei
1717 2222 1974 2319 indubitato
2002 2219 2099 2320 Co·

598 2489 605 2506 1
709 2370 862 2468 rinthii
897 2441 926 2490 „
959 2388 1010 2466 ut
1039 2369 1207 2470 diserte
1244 2367 1525 2470 Thucidides
1545 2379 1638 2493 ait,
1675 2366 1735 2504 p)
1770 2372 2102 2498 consequenter

711 2525 760 2620 du
797 2521 1056 2621 Locrenses
1084 2522 1334 2642 Italiotaea
1366 2523 1623 2626 Corinthiis
1654 2525 1864 2645 oriundi,
1896 2526 2105 2653 proinde·

710 2703 803 2799 que
843 2669 1114 2774 Corinthios
1132 2681 1196 2794 ‚in
1231 2707 1324 2774 aere
1357 2680 1438 2773 suo
1481 2694 1631 2801 typos
1673 2709 1763 2774 non
1792 2680 2018 2778 immerito
2038 2677 2105 2802 ja·

714 2821 910 2927 dovere.
987 2821 1115 2924 Idem
1146 2825 1389 2923 sadiratum
1420 2855 1447 2920 a
1483 2820 1836 2946 Dyrrhachenis
1869 2831 2107 2944 videmus,
2221 2926 2231 2940 ,

712 2977 791 3096 qui
825 2970 1040 3093 quamvis
1082 2973 1130 3062 dc
1163 2969 1245 3093 iph
1281 2997 1308 3063 a
1335 2970 1606 3090 Corcyraeis
1638 2980 1828 3094 proprie
1864 2976 2105 3070 descende·

714 3126 829 3239 rint,
860 3119 970 3218 teste
1001 3114 1168 3257 eodem
1202 3113 1507 3245 Thucydide,
1531 3101 1808 3217 Corinthios
1836 3133 1985 3213 tamen
2017 3145 2108 3214 me·

528 3323 532 3334 ·
719 3269 965 3404 tropolitas
1004 3297 1266 3402 agnovere,
1300 3299 1357 3368 ac
1399 3296 1533 3369 more
1585 3269 1867 3369 coloniarum
1910 3285 2107 3397 recepto

724 3431 881 3526 matris
911 3423 1149 3552 symbola,
1185 3451 1348 3554 nempe
1380 3419 1614 3521 Palladem
1639 3421 1935 3551 &Pegasum
1967 3421 2108 3552 signa·

721 3601 847 3672 uere.
940 3572 1152 3671 Cononis
1189 3580 1387 3672 narratio
1421 3579 1481 3670 &-
1512 3571 1617 3671 inde
1651 3573 1855 3672 firmatur
1891 3580 2105 3704 egregie,

727 3720 856 3848 quod
889 3725 1006 3824 inter
1038 3725 1235 3825 Graecos
1271 3743 1411 3851 atque
1435 3723 1623 3823 Italicos
1655 3725 1938 3842 Locrenses,
1982 3723 2111 3822 nullo

724 3903 918 4001 unquam
957 3893 1205 4006 tempore,
1241 3873 1419 3977 foedera
1453 3878 1728 3998 valuerunt,
1770 3881 1838 3975 uti
1878 3870 2112 4001 Polybio,

720 4021 779 4159 q)
797 4030 895 4150 vqui
929 4029 1187 4158 postremos
1225 4027 1386 4156 saepius
1422 4027 1603 4148 adibat,
1646 4029 1725 4158 ips1
1742 4071 1746 4077 ·
1762 4026 2115 4158 profitebantur·

726 4177 809 4286 An
840 4181 1041 4297 mirum,
1075 4179 1265 4278 Italicos
1287 4181 1361 4276 seu
1395 4179 1744 4305 Epizephyrios
1768 4205 1858 4303 pro
1896 4175 2027 4270 sociis
2064 4175 2113 4266 δι

727 4333 934 4456 cognatis
979 4328 1212 4461 agnovisse
1244 4330 1572 4456 Corcyraeos,
1617 4329 1666 4425 dc
1707 4353 1793 4457 per
1827 4321 1917 4422 hos
1947 4324 2115 4423 Corin·

728 4481 889 4582 thiosl
940 4484 1040 4584 Aut
1071 4487 1209 4614 igitur
1250 4479 1386 4581 fallor
1418 4478 1748 4602 uehementer,¹
1773 4491 1854 4577 aut
1885 4477 2117 4608 produttis

1944 4660 2044 4731 mo·

791 5095 843 5204 p)
871 5097 954 5176 Lib.
975 5119 1073 5178 vu.
1131 5095 1174 5203 q)
1201 5100 1288 5177 Hill.
1309 5119 1349 5175 ι.
1379 5083 1491 5182 su}
1679 5145 1684 5154 ·
