5242 6509
582 1245 587 1252 .
760 1158 823 1257 s
1258 1137 1661 1254 annuam

492 1365 735 1418 ειν-εξ

531 1430 568 1502 T
570 1444 722 1502 ABULA

597 1545 631 1616 Ι.

549 1655 598 1731 N.
637 1674 674 1731 1.

907 1423 1170 1554 Argentum
1199 1418 1710 1551 Maffdiense'srequens
1741 1421 1789 1521 in
1827 1421 2142 1545 antiquitatum

755 1573 983 1679 thesauris.
1016 1669 1020 1678 .
1056 1577 1191 1678 AEris
1215 1577 1371 1708 signati
1405 1579 1552 1677 minor
1577 1582 1664 1677 vis
1740 1571 1945 1676 Praesens
1969 1603 2141 1696 numus,

755 1757 904 1827 aereus
948 1747 1087 1855 atque
1121 1728 1344 1849 ineditus,
1377 1733 1483 1850 quin
1512 1725 1852 1830 Maffiliensnbus
1878 1735 2141 1859 competat,

756 1877 865 1976 nihil
896 1877 1078 2005 quidem
1116 1875 1290 1983 dubito.
1378 1877 1541 1979 Dianae
1570 1881 1725 1981 vultus
1750 1909 1919 1982 eorum
1947 1899 2141 2012 argento

600 2083 602 2096 ·
754 2028 995 2131 familiaris.
1025 2029 1181 2134 Sed&
1197 2031 1345 2132 literae
1398 2063 1507 2155 mn,
1539 2034 1728 2136 initiales
1744 2051 2071 2156 muuuunnnuv
2097 2037 2144 2131 in

755 2182 958 2316 pluribus
991 2189 1130 2285 certis
1163 2213 1325 2286 eorum
1353 2191 1499 2286 numis
1522 2185 1755 2313 leguntur,
1774 2182 2021 2306 cujusmodi
2046 2182 2145 2280 sunt

754 2340 958 2460 argentei
978 2340 1150 2454 minuti
1162 2358 1279 2457 quos
1300 2334 1525 2463 BegeruS,
1539 2333 1705 2460 aliique
1723 2331 2019 2432 Macedoniae
2043 2362 2146 2466 per·

753 2511 916 2614 peram
938 2485 1193 2586 inseruere·
1253 2483 1376 2622 Quid
1402 2483 1532 2612 quod
1557 2483 1728 2592 fabrica
1760 2483 1929 2588 Galliae
1959 2459 2176 2589 faveant

895 2785 1051 2890 'Diana
1069 2792 1117 2888 δι
1135 2737 1439 2919 Ap0110‚'vel
1461 2789 1621 2892 saltem
1639 2789 1858 2898 attuibuta
1874 2797 2149 2925 impropria,

755 2945 909 3048 cervi,
941 2927 1152 3056 ttipodes
1175 2945 1266 3028 &o
1282 2939 1532 3030 identidem
1553 2963 1793 3040 recurrunt
1819 2951 1864 3044 in
1900 2976 1996 3048 aere
2022 2949 2149 3048 Mas·

754 3081 994 3184 saliendum.
1056 3079 1168 3180 Nec
1197 3085 1374 3181 mirum.
1437 3077 1584 3178 Erant
1615 3087 1789 3208 quippe
1812 3085 2147 3178 Phocaeennum

756 3241 800 3334 in
840 3235 969 3368 Jonia
1009 3228 1203 3355 coloni,
1234 3237 1314 3362 qui
1347 3230 1559 3363 Harpagi
1587 3235 1688 3332 vim
1712 3229 1933 3358 fugientes
1974 3232 2148 3333 oraculi

750 3386 865 3516 jullu
902 3385 1143 3522 Ephesum
1175 3387 1281 3488 vela
1328 3384 1567 3508 fecerunt,
1613 3384 1767 3513 ibique
1803 3383 2150 3506 Aristarcham‚

758 3544 923 3642 Dianae
957 3537 1170 3672 Ephefiae
1203 3547 1404 3661 monitu,
1466 3543 1558 3638 viae
1601 3538 1766 3639 ducem
1797 3543 1933 3661 matti,
1967 3539 2150 3639 tandem

761 3699 806 3792 in
852 3689 1051 3792 Galliam
1089 3692 1188 3791 sunt
1221 3690 1399 3813 delati,
1438 3689 1516 3792 ubi
1549 3691 1799 3794 Mantuam
1831 3690 1892 3792 ad
1929 3689 2151 3793 Rhodani

763 3847 875 3946 ostia
905 3841 1219 3968 condiderunt,
1236 3873 1293 3945 ac
1320 3844 1544 3975 templum
1566 3849 1612 3944 in
1635 3876 1742 3947 arce
1767 3844 1961 3946 alterum
1983 3847 2152 3945 Dianae

762 3998 1004 4131 Ephesiae,
1045 3999 1237 4099 alterum
1280 3999 1501 4130 Apollini
1516 3999 1768 4133 Delphinio
1804 3995 2071 4098 dedicarunt
2104 4002 2151 4093 in

688 4187 692 4194 ·
762 4151 935 4250 oraculi
966 4158 1248 4255 memoriam.
1331 4154 1417 4253 Ex
1446 4150 1543 4264 hoc
1573 4174 1786 4286 tempore
1817 4150 2013 4253 summus
2042 4151 2151 4246 utri·

762 4329 852 4426 que
884 4304 1051 4396 numini
1080 4303 1230 4402 honos
1255 4299 1314 4402 ab
1346 4306 1400 4402 iis
1430 4286 1621 4406 habitus

870 4616 874 4636 ²
921 4604 1131 4714 Alterius
1158 4606 1300 4736 partis
1325 4556 1589 4736 pharetnam
1615 4610 1777 4708 Dianae
1808 4595 2153 4727 connetto,nil1

766 4773 889 4876 fonte
924 4763 1185 4876 befficolam
1215 4765 1386 4861 civium
1426 4761 1629 4862 indolem
1658 4760 1907 4891 significet,
1946 4776 1998 4856 ut
2034 4755 2154 4888 saepe

768 4925 892 5026 alias.
954 4921 1164 5022 Laudant
1187 4938 1375 5023 veteres
1399 4947 1559 5020 eorum
1584 4945 1660 5020 res
1680 4935 1804 5019 terra
1828 4916 2030 5042 marique
2047 4912 2154 5014 stre·

764 5110 853 5181 nue
897 5079 1056 5214 gestas.
1100 5076 1247 5238 ‘Sane
1285 5073 1509 5178 Martium
1538 5093 1849 5205 argumentum
1875 5075 1924 5172 dt
1954 5073 2031 5167 alii
2058 5063 2154 5162 duo

1441 5261 1446 5270 .
1997 5246 2078 5318 eo,
