5242 6509
1679 2487 2065 2593 ·Nescio
2088 2567 2117 2613 ,
2154 2517 2267 2594 an
2315 2521 2495 2593 non
2538 2487 2739 2597 haec
2784 2509 3151 2598 moneta
3203 2493 3567 2599 nitidius
3611 2492 3910 2598 adhuc
3943 2465 4183 2629 prae-

1407 2643 1715 2762 tensos
1806 2645 2187 2748 Alcinoi
2264 2647 2593 2750 hortos
2653 2653 3109 2779 exprimat
3146 2726 3177 2769 ‚
3246 2679 3523 2774 quam
3592 2649 4126 2780 Apolloniae
4150 2724 4183 2771 ‚

1404 2792 1976 2924 Dyrrhachii
2017 2877 2048 2926 ‚
2133 2799 2603 2929 Corcyrae
2679 2801 3090 2927 pecunia.
3238 2797 3622 2926 Indulge
3708 2799 4186 2926 phantafiae

1408 2945 1791 3063 lufibusg
1867 2959 1961 3041 &
2053 2959 2358 3039 omnia
2433 2950 2892 3039 belliffime
2971 2976 3186 3038 cum
3268 2951 3779 3046 Homerica
3869 2945 4191 3049 descri-

1410 3094 1729 3224 ptione
1793 3086 2393 3190 concordant.
2547 3086 2847 3186 Vides
2930 3085 3476 3211 quadratum
3551 3094 4187 3217 quadrifariam

1410 3243 1821 3346 divisum.
1973 3241 2079 3343 Id
2153 3225 2216 3367 ,’,
2265 3240 2641 3341 hortum
2721 3253 3117 3366 quatuor
3186 3241 3602 3366 jugerum
3655 3315 3713 3364 ‚‚
3828 3244 4182 3367 indicat.

1415 3398 1995 3528 Comparent
2029 3395 2291 3494 lineae
2322 3395 2855 3522 quadratum
2902 3389 3468 3512 claudenteS,
3520 3411 3739 3526 apte
3787 3396 3908 3496 ad
3972 3469 4030 3516 „
4055 3398 4184 3497 se-

1418 3569 1676 3677 ptum
1756 3552 2169 3666 utrinque
2240 3546 3054 3673 circumductum...
3207 3549 3371 3644 Ne
3443 3544 3759 3650 desunt
3817 3548 4187 3671 quidem

1421 3693 1857 3825 punctulis
1911 3693 2377 3824 eleganter
2408 3715 2481 3831 ⁴‚⁴,
2533 3711 2878 3791 ornatae
2925 3694 3266 3795 areolae
3295 3768 3357 3814 „
3401 3698 3633 3805 intra
3700 3695 3931 3794 dicta
3969 3722 4184 3820 qua-

1405 3846 1688 3945 'drata
1716 3919 1746 3964 ,
1815 3872 2045 3972 quas
2105 3852 2450 3974 pariter
2532 3847 3003 3965 Homerus
3050 3866 3519 3946 memorat.
3670 3846 3993 3946 Habes
4043 3873 4188 3943 er-

1427 4027 1557 4123 go
1611 3995 1915 4096 denuo
1975 3996 2559 4127 perspicuOS‚
2609 3998 2676 4093 fi
2726 3999 3069 4125 superis
3141 3999 3448 4127 placet
3475 4072 3505 4113 ,
3553 3997 3931 4097 Alcinoi
3972 3993 4191 4093 hor-

1430 4170 1617 4251 tos,
1779 4141 2045 4286 Quid
2109 4153 2440 4273 igitur?
2509 4148 2730 4246 Hos
2802 4153 3026 4247 item
3093 4155 3183 4247 in
3255 4149 3817 4248 Macedonia
3880 4137 4188 4265 exqui-

1430 4326 1578 4397 res
1621 4305 1664 4393 2
1740 4296 1940 4406 Aut
1993 4297 2179 4395 hoc
2237 4328 2414 4425 age
2435 4370 2466 4419 ‚
2538 4313 2693 4393 aut
2745 4295 2960 4394 illos
3002 4324 3316 4426 apage.

1747 4598 1933 4701 Sed
2013 4593 2235 4724 quid
2311 4594 2686 4696 aliarum
2786 4590 3138 4695 urbium
3206 4595 3597 4692 monetis
3684 4594 4188 4691 immoror?

1447 4756 1677 4856 Sunt
1751 4751 1990 4856 adeo
2080 4747 2622 4878 Apolloniae
2687 4745 3151 4876 lllyricae3
3255 4774 3461 4870 quae
3565 4741 3891 4843 hortos
3979 4739 4199 4841 illos

1442 4903 1867 5003 evellant.
2016 4901 2352 5011 Talem
2399 4893 2902 5006 Eckhelius
2957 4901 3149 5034 ipse
3196 4894 3711 5030 suppeditat
3734 4968 3765 5020 ‚
3816 4922 4026 5071 quae
4067 4899 4198 4994 vi·

2346 5105 2350 5108 ,
3926 5075 4052 5149 02.
