5242 6509
751 1133 820 1241 Q
1042 1179 1045 1186 ·
1208 1103 1611 1233 rnntrn.'

492 1359 722 1463 T'Tvm
741 1371 919 1488 fideres.
1035 1387 1304 1501 Differentia
1355 1397 1509 1523 nulla,
1546 1395 1894 1530 praeterquam
1920 1411 2120 1508 nominis.
2206 1527 2210 1534 ,

512 1501 612 1702 =N¹
613 1565 717 1712 '4'
737 1539 861 1639 Tam
893 1545 1012 1641 areta
1041 1553 1275 1678 utriusque
1298 1551 1503 1654 adfinitas
1530 1581 1626 1651 non
1656 1555 1806 1656 modo
1834 1553 2121 1656 communem

657 1697 960 1821 patriam3
988 1693 1065 1792 sed
1096 1730 1255 1825 parem
1286 1710 1424 1800 etiam
1471 1724 1693 1828 aetatem,
1725 1737 1783 1813 ne
1826 1701 2036 1807 dicante
2010 1710 2122 1836 ejus·

737 1841 844 1942 dem
876 1841 1061 1944 artificis
1089 1876 1268 1954 manum
1293 1853 1534 1981 eloquitur.

739 2215 746 2224 .
894 2105 1014 2250 Quo
1057 2133 1321 2251 tempore,
1369 2152 1522 2250 quave
1559 2125 1796 2231 occafione
1845 2131 1968 2224 numi
2016 2155 2122 2222 com

737 2265 987 2390 epigraphe
1036 2304 1258 2370 common
1296 2276 1504 2399 Neapoli
1555 2279 1712 2402 signati
1768 2276 1962 2390 fuerint,
1991 2271 2113 2375 haud

736 2413 868 2514 facile
893 2413 1075 2516 dixeris.
1150 2423 1328 2522 Narrat
1357 2425 1522 2522 Livius
1563 2454 1654 2525 non
1693 2455 1782 2526 uno
1816 2425 1956 2545 loco,
1977 2432 2122 2531 Nea·

553 2567 557 2576 ’
681 2609 709 2700 ᾗ
730 2564 973 2698 ,ροΙίιιιιοε
997 2599 1025 2668 a
1047 2601 1145 2698 quo
1175 2592 1391 2702 tempore
1421 2575 1658 2680 Romanis¹
1676 2577 1856 2677 loedere
1880 2579 2123 2704 jungeban-

738 2741 847 2841 tur,
883 2723 1049 2824 summa
1086 2725 1394 2850 constantique
1424 2733 1471 2824 in
1512 2757 1598 2826 eos
1629 2722 1719 2830 side
1748 2729 1939 2851 stetisse,
1988 2732 2125 2854 usque

740 2871 860 2972 adeo
880 2949 894 2986 ,
924 2895 1104 3000 utcum
1138 2906 1215 2972 res
1240 2873 1768 2999 ,anauaefflunlc‘lsaill
1788 2881 2125 3001 belliasgravis·

741 3019 846 3116 sune
869 3009 1153 3157 laborarent,
1185 3040 1395 3136 magnam
1424 3023 1519 3116 auri
1557 3022 1654 3109 vim
1686 3047 1773 3139 per
1809 3023 1997 3142 legatos
2027 3005 2134 3122 Ro

743 3194 863 3268 mam
894 3167 1089 3268 miserint
1116 3171 1160 3264 in
1182 3161 1417 3290 subsidium
1440 3159 1553 3265 belli
1567 3235 1601 3299 ,ἡ
1629 3164 1908 3292 Paenumque
1939 3159 2030 3264 non
2061 3166 2130 3265 so

746 3321 840 3421 lum
879 3320 1103 3424 moenibus
1134 3315 1435 3436 excluserint,
1484 3316 1561 3418 sed
1597 3317 1646 3412 δι
1677 3315 1929 3444 praefidium
1956 3318 2133 3418 Roma·
2283 3317 2287 3323 ’

749 3503 855 3573 num
883 3474 1226 3572 advocaverint.
1302 3469 1388 3572 Ex
1416 3471 1511 3570 hoc
1535 3468 1604 3614 fas
1627 3485 1743 3597 puto
1767 3468 1967 3594 inferre,
2009 3473 2134 3572 Nea·

748 3623 980 3754 politanos
1005 3625 1099 3723 hoc
1126 3639 1409 3722 monetarum
1433 3608 1575 3753 genoe
1598 3601 1828 3722 fabricasse
1853 3640 1931 3720 aut
1949 3627 1994 3720 in
2010 3623 2133 3720 usum

749 3775 1069 3876 Romanorum
1101 3780 1217 3874 intra
1260 3803 1416 3874 muros
1457 3775 1560 3874 suos
1599 3771 1888 3904 degentium,
1923 3797 2001 3872 aut
2036 3771 2129 3870 sese
2180 3869 2184 3879 .

749 3925 907 4029 dixisse
917 3929 1181 4058 Romanos,
1196 3957 1290 4057 quo
1310 3912 1554 4031 summam
1542 3947 1685 4030 meos
1702 3932 1966 4046 amicitiam
1980 3919 2133 4025 sidem·

748 4111 838 4206 que
864 4079 1156 4184 declararent.

1424 4312 1466 4398 ἰι

750 4519 757 4530 .
1325 4430 1358 4491 ᾖ
1540 4431 1593 4526 ᾔ.
1616 4501 1627 4522 a

554 4567 605 4652 N.
638 4597 675 4676 5,
781 4629 788 4641 .

910 4547 1234 4799 ιιοιιοιιιιιιι.
1267 4614 1464 4745 Caput
1497 4615 1754 4762 Apollinis
1780 4617 1835 4712 in
1874 4639 1995 4720 area
2049 4643 2179 4724 nin..³

510 4901 515 4910 ,
761 4779 821 4903 )(.
853 4773 963 4878 Bos
981 4733 1196 4878 dimidius
1213 4735 1423 4900 hnmano
1463 4771 1631 4877 vultu:
1636 4771 1834 4910 supra
1874 4759 2141 4965 delphinos,

643 5003 654 5010 -
764 4935 809 5030 in
833 4955 939 5032 area
964 4959 1027 5031 ιιι.
1459 5007 1463 5012 ,

1748 5151 1755 5162 ,
1867 5025 2097 5150 inani

1839 5238 1843 5245 -
1956 5184 2068 5284 Per·
2156 5281 2161 5288 ,
