5242 6509
955 1107 1533 1208 avuonanm
1787 1100 1896 1207 mn

503 1365 617 1485 luit,
647 1355 711 1464 ob
742 1385 932 1488 eamque
953 1386 1075 1460 rem·
1104 1373 1350 1489 perpetuo·
1367 1360 1413 1455 in
1437 1351 1635 1486 publica
1672 1365 1853 1451 moneta
1884 1315 2157 1469 ,W

503 1536 715 1641 tanquam
757 1513 835 1614 sibi
879 1511 1154 1642 peculiarem
1194 1507 1429 1634 'janavit,
1473 1539 1610 1636 quam
1656 1535 1746 1636 pro
1787 1499 1903 1624 alia,
1953 1450 2081 1666 NK·

505 1699 607 1796 quae
640 1673 727 1765 vix
752 1695 838 1765 una
869 1666 950 1765 vel
984 1664 1129 1766 altera
1162 1668 1271 1761 vice
1307 1659 1479 1763 eodem
1525 1663 1600 1761 usa
1638 1661 1703 1762 est
1741 1662 1902 1788 typo?
2038 1668 2041 1673 ’

503 1817 700 1946 Alioqui
725 1821 979 1950 persuasum
1002 1817 1179 1934 habeo,
1213 1815 1406 1914 Itoniam
1430 1817 1697 1914 Minervam
1724 1817 1769 1910 in
1809 1838 1904 1912 aere

505 1974 657 2097 Syriae
685 1999 868 2100 regum,
900 1974 1082 2104 stirpem
1101 1967 1332 2098 defignare
1351 1967 1727 2088 Macedonicam,
1748 1997 1897 2096 neque

505 2123 699 2220 alienum
729 2152 758 2223 a
789 2130 986 2226 veritate
1024 2121 1240 2240 videtur,
1275 2126 1444 2219 citatos
1475 2120 1796 2222 aurauoaroni
1822 2151 1902 2220 nu·

503 2297 634 2392 moa,
666 2276 880 2397 quicum
927 2273 1086 2372 eadem
1130 2271 1219 2366 dea
1252 2269 1473 2384 Herculis
1509 2272 1752 2396 imaginem
1790 2300 1906 2376 con·

508 2424 638 2528 stanti
670 2424 774 2550 lege
806 2431 1044 2548 maritant,
1070 2417 1197 2522 fuisse
1222 2422 1456 2550 syracusis
1476 2423 1639 2544 daton,
1671 2454 1768 2551 quo
1789 2441 1917 2529 tem·.

512 2603 635 2706 pore
667 2575 877 2704 Pyrrhus
908 2585 949 2680 in
980 2575 1129 2678 Sicilia
1162 2575 1395 2699 bellavit,
1434 2581 1482 2675 δι
1518 2579 1905 2702 Syracusanos,a

509 2725 671 2856 quibus
712 2734 758 2828 in
800 2733 1020 2830 auxilium
1045 2728 1276 2824 arcessitus
1308 2733 1396 2846 est,
1418 2735 1671 2828 Poenorum
1708 2731 1906 2829 obsidio·

512 2909 570 2978 ne
605 2877 852 2998 liberavit3
885 2871 1101 3003 siquidem
1128 2891 1318 3002 uterque
1349 2867 1589 2984 numorum
1612 2881 1802 2988 illorum
1827 2901 1909 3014 ty·

512 3055 602 3162 pus
633 3029 818 3162 prorsus
841 3059 906 3130 ex
948 3033 1129 3154 ingenio
1153 3027 1469 3130 Macedonum
1503 3033 1579 3130 est.
1885 3016 1916 3040 '⁹

667 3327 956 3468 Regionem,
980 3337 1025 3430 ni
1052 3330 1215 3449 fallor,
1254 3335 1487 3462 praesentis
1514 3341 1634 3432 numi
1671 3354 1913 3442 tenemust

447 3537 455 3550 ·
512 3485 674 3584 urbem
718 3487 957 3612 genitalem
974 3489 1089 3626 'quis
1122 3482 1233 3582 ausrt
1280 3483 1552 3608 decernere,
1585 3487 1663 3588 nisr
1697 3496 1770 3592 cui
1801 3492 1912 3624 Jup-

513 3644 638 3768 piter
672 3643 715 3735 in
734 3667 890 3738 aurem
919 3637 1248 3739 susurraverit?
1286 3639 1430 3741 Pellae
1464 3656 1614 3742 tamen
1652 3674 1748 3744 non
1786 3674 1908 3751 vana

514 3793 705 3918 suspicio
724 3793 907 3891 incessit.
984 3793 1121 3893 Patet
1143 3793 1429 3922 opulentam,
1453 3816 1783 3924 potentemque
1804 3799 1909 3898 fuis·
1942 3909 1948 3918 ‚

516 3947 563 4042 fe
588 3940 772 4055 urbem,
806 3947 880 4034 cui
908 3939 1095 4044 licuerit
1131 3962 1268 4042 tantae
1306 3947 1624 4075 magnitudinis
1662 3969 1916 4075 argenteon

403 4087 407 4094 ’
518 4084 744 4196 fabricare
781 4112 955 4184 numos.
996 4223 998 4228 ,
1039 4095 1115 4190 At
1148 4097 1267 4189 enim
1297 4095 1383 4195 fuit
1420 4095 1550 4196 Pella
1584 4099 1880 4202 Macedoniae
1890 4115 1912 4230 ,'
2053 4109 2058 4116 ’

517 4257 568 4338 ut
596 4239 743 4339 Melae
772 4241 1040 4363 vocatum„
1068 4249 1651 4378 &maximadrillustris‚„
1675 4261 1911 4359 imovero
2182 4304 2185 4312 ·

519 4418 677 4534 regum
726 4391 898 4492 sedesa
931 4387 1151 4530 Philippo
1193 4403 1423 4530 Amyntae
1453 4404 1529 4503 ad'
1551 4407 1719 4512 Persen
1751 4414 1902 4540 usque.
2059 4479 2069 4486 -

520 4539 810 4666 Conjetturae
842 4545 1030 4647 mirifice
1057 4554 1262 4656 subvenit
1286 4577 1558 4681 autonomus
1582 4563 1727 4660 Pellae
1749 4579 1909 4666 numus

381 4753 385 4760 -
524 4691 643 4823 apud
679 4695 967 4800 Pellerinium
1002 4696 1058 4824 b)
1081 4710 1225 4840 „cujus
1263 4715 1468 4810 aversam
1501 4712 1651 4811 Itonia
1685 4717 1907 4820 Minerva
1931 4731 1963 4777 ³

1752 4898 1833 4969 OC·

1209 5207 1257 5310 V
