5242 6509
744 1121 845 1224 ng
1154 1091 1616 1214 ennecus

502 1383 697 1458 unum
733 1376 884 1518 hortis
919 1319 1017 1480 erit
1090 1361 1253 1484 Non'
1240 1409 1407 1509 ignoro
1435 1365 1707 1482 Graecorum
1718 1363 1887 1509 ‚quod
1917 1369 2102 1482 Eckhe·

543 1493 613 1690 NV
613 1559 662 1692 ’Ξ
731 1533 817 1631 lius
846 1523 962 1632 reiie
991 1553 1154 1654 notat,
1153 1523 1468 1662 crepandis
1457 1563 1502 1631 1n
1530 1542 1829 1637 monumentis
1862 1533 2103 1634 ardentissi-

729 1714 850 1781 mum
875 1681 1088 1802 studium
1117 1688 1347 1856 praecipue
1378 1679 1411 1782 ii
1442 1686 1643 1785 Homeri
1670 1687 1869 1787 versibus
1896 1681 2102 1782 nobilita·

554 1879 573 1912 a
726 1850 774 1932 ta
799 1830 936 1935 fuere.
1016 1839 1088 1936 At
1118 1836 1229 1932 novi
1263 1837 1428 1955 etiam,
1456 1840 1511 1930 &
1550 1842 1745 1966 quisque
1751 1821 1962 1936 nove'rit
2001 1843 2101 1935 mo·

723 2001 929 2082 numenta
959 1988 1169 2080 maximae
1199 1975 1357 2105 famae,
1390 1989 1497 2111 quin
1525 1985 1645 2085 adeo
1689 1967 1866 2089 habita
1881 1994 1999 2086 inter
2026 2017 2102 2088 or·

711 2113 780 2232 tiis
811 2133 1055 2271 miracula,
1085 2133 1145 2232 de
1175 2134 1336 2260 quibus
1365 2157 1513 2236 tamen
1543 2135 1685 2246 altum
1711 2140 1807 2239 silet
1838 2159 1976 2232 vetus
1991 2153 2095 2227 mo·

708 2303 822 2384 neta.
902 2285 970 2381 Et
1004 2280 1078 2377 dic
1110 2280 1299 2378 amabo!
1332 2285 1429 2378 Cur
1464 2283 1607 2378 solum
1647 2294 1689 2378 in
1717 2300 1910 2409 argento
1940 2286 2097 2408 vigeat
2167 2337 2179 2379 t

708 2433 1064 2534 Homericorum
1098 2429 1334 2529 hortorum
1364 2435 1615 2528 memoria?
1650 2431 1752 2532 Cur
1790 2461 1883 2530 non
1913 2434 2024 2530 item
2053 2435 2098 2528 in

702 2593 834 2716 aerei
883 2587 957 2686 An
984 2614 1077 2682 non
1109 2583 1277 2683 Cnoffii
1313 2583 1553 2684 Cretenses
1588 2581 1899 2710 labyrinthum
1934 2585 2097 2681 tamin

692 2766 826 2860 ¹aare,
856 2767 990 2867 quam
1020 2754 1213 2868 argento
1240 2740 1409 2833 centies
1448 2735 1778 2832 ostentavere?
1822 2736 1991 2834 Nonne
2014 2728 2095 2827 vel

708 2919 773 2982 ex
798 2921 887 3002 eo,
915 2890 1042 3005 quod
1077 2917 1106 2979 a
1135 2889 1294 3002 primis
1319 2887 1429 2982 artis
1450 2888 1711 2982 monetariae
1737 2882 2017 3011 temporibus
2048 2879 2098 2974 id

706 3053 847 3156 genus
866 3023 1088 3145 quadrata
1116 3026 1347 3146 argenteis
1367 3022 1639 3143 potiffimum
1664 3035 1810 3119 numis
1831 3034 1979 3125 incusa
2001 3028 2097 3126 fue·

706 3181 824 3309 rint,
854 3177 940 3270 vix
970 3173 1125 3268 aereis:
1158 3193 1306 3264 nonne
1328 3173 1532 3291 inquam,
1572 3169 1744 3268 velex
1775 3203 1835 3268 eo
1859 3201 2092 3298 argumen-

614 3341 622 3370 ·
707 3309 886 3426 tari'fas
916 3319 1008 3448 est,
1049 3320 1296 3450 praetensos
1324 3317 1518 3440 hortos4
1543 3325 1620 3445 qui
1647 3323 1902 3421 constanter
1935 3327 1983 3417 δι
2022 3325 2094 3420 so·

706 3476 856 3574 lumin
878 3491 1067 3602 argento
1087 3489 1354 3590 occurrunt,
1379 3500 1473 3566 non
1489 3469 1577 3570 effe
1596 3473 1788 3602 denique
1800 3475 1875 3573 nifi
1903 3476 2093 3602 vestigia

707 3629 897 3748 retenti,
936 3641 1214 3752 argentoque
1237 3621 1372 3719 ineufi
1404 3619 1462 3717 ab
1494 3628 1668 3752 origine
1701 3625 1909 3751 quadrati
1928 3633 1968 3720 21
1998 3624 2091 3724 Sed

707 3775 810 3878 haec
839 3777 941 3878 satis
967 3775 1027 3878 de
1054 3775 1241 3876 Alcinoi
1271 3770 1479 3904 paradiso
1501 3773 1595 3896 jam
1623 3775 1693 3876 bis
1719 3773 1916 3908 perdite.

1041 4084 1762 4192 ANCHIALVS.

710 4437 713 4444 ·
840 4359 842 4366 ’
874 4405 1158 4476 onrcrnmn.
1182 4407 1293 4472 uun.
1308 4403 1540 4474 cnancrn
1557 4375 1784 4474 Protome
1794 4376 1838 4473 F
1836 4369 2095 4505 austinaeJu·

687 4530 869 4668 ¹nioris.
909 4519 960 4666 )(
998 4556 1287 4626 nrmnnsnn.
1340 4524 1486 4628 Ceres
1515 4527 1747 4630 sedensu
1776 4526 1899 4629 duas
1923 4527 2093 4656 spicas,

721 4715 756 4786 s
778 4681 921 4786 facem
950 4681 1183 4842 ardpntem
1208 4675 1393 4778 sustinet.
1453 4717 1461 4733 ·

1837 4825 1957 4939 usn,
1984 4824 2039 4911 n.

1847 5107 2020 5251 -Quem
