5242 6509
480 1267 715 1318 ω...-

510 1325 697 1405 Tnavua

578 1443 610 1521 l.

743 1099 806 1200 Ι8
1198 1123 1597 1196 tratura.

732 1360 743 1383 Ο

731 1386 777 1454 m
805 1377 911 1462 area
952 1353 1063 1497 0)(
1090 1367 1293 1465 Victoria
1320 1379 1515 1467 coronat
1540 1381 1718 1470 taurum
1732 1363 2028 1496 biformem,
2059 1290 2118 1472 in

731 1509 802 1613 tra
839 1519 966 1645 cujus
991 1517 1135 1648 pedes
1162 1517 1285 1652 figla.

1774 1700 1789 1754 l
1837 1714 1955 1798 num
1986 1715 2058 1803 111.

947 1976 1021 2078 Ut
1075 1979 1254 2078 incisam
1267 1945 1388 2081 'aeri
1444 1992 1675 2081 monetam
1727 1978 1960 2100 sisterem,
2031 2002 2118 2089 una

721 2127 853 2227 litera
891 2134 1064 2248 movit,
1101 2131 1294 2233 secunda
1322 2132 1573 2254 videlicet,
1607 2161 1712 2257 quae
1747 2137 1862 2228 mire
1892 2135 2042 2229 variat
2069 2135 2116 2232 in

721 2279 869 2376 Teani
901 2284 1057 2376 numis.
1136 2282 1358 2378 Scribitur
1403 2315 1435 2380 n
1466 2285 1592 2413 apud
1634 2279 1966 2401 Mazochium,
1995 2279 2115 2413 g)l

720 2427 845 2556 apud
884 2435 1111 2528 auctorem
1163 2431 1299 2532 musei
1340 2431 1479 2534 Com.
1514 2427 1783 2554 Pembrok,
1820 2430 1876 2550 la)
1907 2440 1957 2534 δι
1988 2432 2116 2538 Eck·

718 2579 898 2680 heliurn.
946 2579 988 2704 a)
1029 2581 1216 2714 lgnarra
1265 2585 1378 2715 legit
1421 2619 1476 2708 1,
1518 2580 1866 2705 'lt)Dutens1ua
1905 2580 2032 2711 n‚l)
2080 2586 2114 2711 su

716 2733 863 2834 modo
900 2743 1019 2837 recle
1059 2755 1252 2863 uterque
1302 2738 1430 2867 legit.
1460 2736 1727 2841 Pellerinius
1759 2739 1807 2840 id
1836 2741 2113 2862 elementum
2255 2819 2260 2826 .

715 2885 924 2982 adfirmat
956 2896 1020 2982 uti
1060 2888 1334 2982 Graecorum
1375 2928 1410 2982 Λ
1441 2887 1685 2986 formatum
1718 2895 1763 2986 in
1808 2899 1999 3018 geminis
2049 2892 2115 2992 sui

713 3033 850 3132 musei
888 3035 1045 3132 numis.
1083 3027 1155 3146 m)
1195 3033 1242 3130 ln
1275 3055 1383 3128 meo
1416 3029 1666 3128 nitidiffime
1698 3035 1884 3128 servato
1929 3039 2112 3134 manife-

712 3183 825 3298 llum
854 3181 917 3282 est
949 3216 985 3282 u
1005 3179 1083 3324 led
1107 3179 1359 3283 inversum(
1426 3180 1480 3282 Id
1505 3181 1766 3283 discriminis
1791 3198 2003 3281 accurate
2029 3207 2110 3296 no·

712 3352 814 3435 tare
851 3335 1054 3466 placuit,
1101 3341 1206 3462 quia
1240 3332 1389 3466 probe
1427 3338 1565 3454 novi,
1594 3351 1809 3461 quantum
1834 3333 1893 3434 ad
1925 3331 2108 3435 elicien-

710 3489 816 3586 dam
858 3489 1089 3588 literarum
1127 3485 1388 3588 facultatem
1417 3486 1622 3604 interfit,
1665 3484 1832 3587 summa
1866 3491 1935 3586 uri
1971 3513 2109 3587 accu-

668 3630 903 3741 ratione.
982 3643 1034 3739 N
1038 3669 1097 3737 on
1129 3641 1193 3739 est
1232 3631 1422 3760 tamen,
1474 3667 1558 3737 cur
1599 3634 1903 3765 Tyrrhenicae
1947 3635 2113 3774 orthn

710 3789 916 3921 graphiae
963 3796 1235 3893 varietatem
1280 3809 1449 3891 tantam
1490 3795 1665 3893 mirere.
1776 3791 2104 3919 Campaniam,

710 3944 836 4067 cujus
870 3941 979 4092 urbs
1000 3943 1206 4052 Teanum
1232 3941 1349 4060 fuit,
1399 3945 1503 4086 post
1544 3943 1761 4075 Opicos,
1800 3945 2104 4065 Ausonesque

712 4092 900 4193 alternis
942 4097 1122 4196 vicibus
1162 4116 1351 4196 tenuere
1394 4098 1544 4213 Osci,
1591 4096 1811 4214 Etmsci,
1852 4097 2103 4209 Samnites,

2431 2662 2434 2863 l

712 4242 896 4342 demum
932 4245 1143 4344 Romani.
1243 4245 1390 4346 Adeo
1438 4245 1681 4372 multiplex
1721 4247 1948 4348 variarum
1993 4271 2101 4372 gen·
2248 4363 2253 4370 .
2417 4298 2430 4348 2

712 4398 823 4492 tium
850 4393 1059 4494 lucceiio
1094 4365 1392 4532 &linguam
1417 4397 1466 4496 &
1498 4394 1651 4500 literas
1690 4421 1786 4498 non
1821 4399 1974 4529 potuit
2008 4423 2101 4504 nou

1078 4555 1083 4561 ’
1931 4565 2024 4647 tur·

712 4861 914 4882 m

771 4933 825 5042 g)
856 4941 949 5018 Diis.
980 4935 1057 5016 Etr.
1079 4963 1121 5017 r.
1147 4954 1366 5042 111.p.39.
1422 4926 1465 5042 h)
1495 4937 1595 5016 Part.
1617 4961 1670 5017 ιι.
1688 4938 1781 5018 Tab.
1797 4903 1883 5029 88,
1925 4933 1959 5038 ι’)
1988 4939 2097 5016 Num.

776 5065 855 5133 vet.
881 5076 921 5134 r.
948 5075 1012 5131 ιι.
1034 5076 1068 5130 n.
1093 5065 1133 5142 8.
1192 5044 1240 5155 k)
1269 5055 1347 5140 Pal.
1368 5058 1484 5152 Neap.
1511 5079 1544 5152 p.
1569 5055 1667 5151 267.
1730 5047 1958 5156 Maleum.
1983 5053 2093 5142 Num

776 5171 933 5251 seconde
962 5169 1049 5254 edit.
1066 5171 1114 5274 pl.
1142 5189 1206 5258 ιι.
1227 5189 1261 5254 ιι,
1282 5191 1320 5271 9,
1379 5166 1447 5273 nn)
1476 5169 1568 5252 Res.
1599 5197 1640 5257 n·
1667 5193 1698 5257 1.
1729 5170 1767 5276 p.
1788 5167 1855 5276 63.
2001 5167 2005 5175 ’

2427 5156 2429 5241 l
