5242 6509
413 1240 660 1290 ‚m

458 1298 640 1373 Tanvun

518 1404 552 1479 V

684 1042 786 1141 iffi
1119 1058 1580 1138 unaucra

678 1290 729 1395 tir
754 1322 1053 1431 επισκμοτεςαι
1075 1328 1207 1418 rtur,
1229 1332 1299 1397 tou
1326 1293 1559 1404 lmtnunu
1584 1327 1797 1423 xogxueu,
1821 1326 1893 1396 tou
1915 1324 2063 1420 maor,

679 1483 752 1550 και
790 1472 961 1555 manaan·
1013 1456 1178 1571 „Sunt
1210 1460 1256 1553 in
1295 1456 1542 1557 Adriatico
1582 1460 1694 1554 mari
1731 1452 1880 1553 insulae
1913 1480 2066 1579 prope
2113 1528 2117 1533 -

680 1636 811 1704 oram
850 1608 1079 1733 lllyridis,
1116 1636 1305 1732 quarum
1331 1611 1592 1737 insigniores
1620 1606 1723 1727 Illa,
1762 1604 2063 1727 &Corcyra

680 1758 865 1883 Nigra,
899 1766 946 1854 &
983 1759 1182 1879 Phatne,
1221 1762 1269 1854 dt
1306 1762 1485 1859 Melite.
1500 1833 1529 1878 „
1580 1760 1734 1859 Audis
1766 1786 1871 1856 cum
1901 1754 1979 1857 llla
2014 1762 2063 1853 dc

679 1906 836 2007 Pharo
870 1908 1134 2031 Corcyram
1164 1912 1219 2012 N
1220 1916 1361 2041 igram
1383 1910 1694 2044 insignioribus
1728 1910 1980 2013 Adriaticis
2001 1916 2066 2009 in·

680 2059 786 2160 sulis
809 2066 1155 2161 connumerari?

837 2364 995 2490 Itaque
1014 2360 1073 2463 de
1102 2366 1247 2492 patria
1269 2389 1508 2462 numorum
1531 2360 1625 2488 jam
1641 2361 1798 2487 liquet.
1876 2360 1959 2459 De
1989 2376 2066 2487 ty·

683 2516 782 2644 pis,
808 2544 927 2647 quos
949 2517 1167 2646 explicuit
1202 2516 1514 2632 Froelichius,
1548 2515 1739 2643 liqueret
1767 2542 1863 2611 non
1895 2517 2064 2632 minus,

683 2674 732 2769 ni
759 2700 891 2803 paene
919 2698 1087 2771 novam
1130 2675 1476 2772 contentionem
1509 2670 1746 2766 moliretur
1778 2667 1961 2767 rusticus
1987 2664 2067 2763 ille

682 2820 829 2940 deus,
853 2832 930 2950 qui
967 2824 1140 2925 diotam
1164 2831 1212 2924 in
1236 2822 1358 2925 aliud
1383 2850 1470 2921 vas
1494 2818 1733 2945 subjectum
1765 2837 2002 2921 exonerat.
2024 2816 2068 2919 ls

674 2968 771 3087 jam
792 2973 903 3059 olim
921 2996 1024 3055 cum
1039 2970 1227 3058 Khellio
1248 2968 1534 3063 Pellerinium
1561 2969 1793 3063 commisit.
1843 2971 1946 3069 Res
1969 2998 2072 3097 age-

680 3110 818 3211 batur
842 3108 900 3209 de
923 3106 1099 3233 cauda,
1124 3136 1259 3237 quarn
1277 3108 1570 3229 Pellerinius,
1593 3140 1651 3208 ac
1667 3130 1770 3212 ante
1789 3115 2068 3218 Froelichiua

681 3264 883 3368 semideo
918 3260 1135 3383 abstulit,
1175 3268 1378 3391 miraque
1416 3261 1771 3396 metamorpholt
1805 3270 1999 3364 mutavit
2024 3273 2070 3367 in

683 3418 956 3549 pisciculum.
1036 3416 1159 3511 Mihi
1183 3447 1330 3537 neque
1364 3416 1491 3512 lubet
1518 3423 1563 3509 in
1595 3418 1676 3517 tali
1695 3419 1824 3517 causa
1849 3416 2068 3519 arbitrum

680 3590 840 3687 agere,
858 3588 1006 3681 neque
1032 3577 1172 3657 vacat
1190 3566 1422 3658 immorari
1442 3564 1662 3685 ejusmodi
1686 3585 1966 3689 argumento.
2014 3563 2068 3661 ld

682 3728 835 3810 tamen
866 3708 1000 3811 aufim
1019 3710 1170 3836 jurare
1207 3740 1293 3841 per
1319 3713 1453 3845 Jovls
1487 3706 1708 3832 barbam,
1744 3712 2070 3840 crepidamque

678 3868 888 4001 Junonis,
912 3860 1148 3961 caudatam
1175 3863 1366 3993 figuram
1387 3861 1619 3973 manifesto
1645 3868 1767 3961 cerni
1798 3890 1891 3957 non
1923 3862 2069 3958 solum

681 4026 881 4141 immeo,
912 4015 1060 4117 sedin
1092 4010 1302 4115 omnibus'
1323 4013 1451 4140 hujus
1477 4018 1657 4141 generis
1681 4017 1823 4109 nuruis
1850 4011 1963 4111 bene
1983 4015 2072 4110 ser.-

687 4177 837 4284 vatis‚
871 4200 990 4291 quos
1016 4199 1100 4297 per
1131 4172 1263 4267 varia
1300 4168 1448 4267 musea
1474 4166 1707 4292 conspexi.
1788 4162 1926 4262 Unde
1950 4168 2069 4264 Fau·

688 4344 796 4413 num
825 4312 983 4411 credo.
1057 4318 1286 4438 satyrae,
1323 4322 1402 4440 qui
1440 4320 1483 4415 F
1484 4312 1735 4435 roelichi0‚
1793 4315 2072 4443 Khellioqut

688 4465 938 4599 probatur,
969 4490 1065 4567 non
1090 4462 1322 4593 atridem
1342 4494 1448 4567 narn
1479 4464 1637 4595 Satyri
1668 4472 1938 4602 capripedes
1977 4488 2070 4601 pro

691 4619 952 4729 morentii.

1723 5089 1732 5107 ·
1797 5066 1812 5099 -·
1837 5022 2011 5134 ··.nr³r-·
