5242 6509
713 1119 744 1214 6
1176 1153 1634 1230 renerus

453 1311 688 1468 ff
704 1357 890 1462 surrilem
926 1359 1093 1491 adjecit
1125 1362 1196 1465 Cl
1222 1365 1461 1498 Ignarrae
1506 1342 1718 1464 thesauro
1755 1363 1901 1466 Ducis
1937 1369 1994 1469 N
1995 1368 2081 1492 ojae

546 1511 581 1587 1.
703 1515 922 1647 Neapoli.
962 1516 1014 1634 c)
1060 1521 1246 1620 Tertius
1281 1517 1406 1620 forte
1443 1516 1627 1620 furtum
1654 1513 1768 1616 mihi
1804 1518 1997 1649 obtigit,
2022 1552 2083 1616 eo
2129 1523 2135 1534 '

519 1629 569 1706 N·
601 1641 640 1702 ²⁶
699 1668 882 1795 quidem
909 1667 1053 1796 pluris
1072 1646 1315 1792 faciendua,
1331 1671 1461 1799 quod
1486 1671 1545 1774 ab
1571 1673 1659 1774 illis
1681 1667 1872 1771 differat
1925 1675 2083 1772 Aver-

697 1825 759 1922 sae
794 1818 938 1953 partis
981 1839 1123 1953 typus
1167 1824 1376 1924 omnibus
1410 1825 1541 1931 idem
1663 1817 1806 1924 Unde
1833 1830 1977 1924 miror
2005 1821 2077 1924 Cl-

695 1961 969 2077 Eckhelium
1012 2004 1213 2108 negare,
1274 1979 1553 2083 semibovem
1597 1983 1746 2080 virum
1793 1984 1837 2076 in
1877 1979 2083 2080 Cumana

694 2133 883 2258 pecunia
912 2128 1213 2259 comparuisse
1245 2127 1472 2234 hedenus.
1496 2127 1566 2258 f)
1611 2132 1845 2260 brscriptio
1883 2131 2004 2226 Osca
2034 2132 2083 2222 δι

694 2279 967 2404 retrograda
1020 2282 1253 2406 legenda:
1321 2313 1487 2384 uvnra.
1527 2287 1810 2383 airammum
1897 2244 2081 2382 Litefas

670 2429 769 2532 'nv
806 2449 918 2532 aetas
952 2429 1232 2536 obliteravit.

847 2699 996 2801 Erant
1024 2704 1185 2806 Cumae
1221 2651 1529 2836 pervetustum
1571 2710 1619 2806 dr
1657 2701 1811 2805 nobile
1856 2701 2079 2833 oppidum

691 2851 751 2955 ad
772 2852 936 2951 flumen
945 2859 1200 2970 Liternum,
1211 2856 1335 2975 cujus
1352 2880 1530 2970 nomen,
1539 2869 1592 2955 ut
1610 2857 1808 2982 lgnarrae
1825 2855 2078 2976 placuit,eo

689 3003 780 3102 fine
795 2999 992 3138 additur,
1007 3026 1065 3095 ne
1085 3001 1248 3095 Cumae
1266 2997 1437 3094 Italicae
1452 3001 1712 3127 cumJoniis
1731 2998 2080 3121 confundantur,

691 3149 879 3283 perinde
901 3176 958 3247 ac
985 3153 1032 3246 in
1063 3145 1160 3246 aliis
1200 3145 1466 3277 Campaniae
1505 3153 1650 3247 numis
1686 3146 1909 3273 legimus:
1959 3149 2079 3250 Tea-

691 3332 795 3404 num
817 3299 1076 3419 Sidicinum,
1096 3299 1351 3400 Nucn'num
1376 3296 1674 3402 Alia‘ternum'
1687 3303 1774 3398 &c
1799 3319 1850 3399 ut
1871 3303 2077 3400 nimirum

691 3487 720 3558 a
749 3457 913 3553 Teano
940 3459 988 3550 dr
1020 3457 1231 3555 Nuceria
1256 3454 1419 3585 Apula
1444 3451 1758 3553 discernantur.
1837 3441 1987 3558 Secus
2012 3474 2078 3554 ta·

691 3635 797 3706 men
822 3607 1009 3705 sentiunt
1039 3605 1336 3726 PelleriniuS,
1362 3613 1410 3705 δι
1445 3634 1604 3707 comes
1641 3603 1852 3734 Caylus,
1888 3604 1956 3735 g)
1990 3609 2077 3706 rati

691 3757 805 3858 duas
841 3757 977 3858 urbes
1017 3757 1218 3859 diversas
1255 3757 1327 3857 his
1362 3764 1505 3858 numia
1540 3756 1750 3896 inscribi,
1799 3786 1960 3884 nempe
1984 3756 2077 3854 Cu·

688 3939 815 4032 mas,
846 3917 894 4010 dr
914 3915 1153 4012 Liternum
1188 3937 1339 4041 prope
1374 3913 1565 4012 fluvium
1593 3914 1933 4040 cognominem,
1963 3933 2076 4033 quas

689 4075 808 4168 inter
847 4064 1038 4193 aliquod
1069 4067 1300 4166 societatis
1337 4084 1415 4166 aut
1451 4060 1672 4167 foederis·
1711 4061 1948 4166 vinculum
1999 4080 2079 4157 co·

691 4219 868 4318 aluerit.
946 4222 1117 4342 Neque
1141 4217 1241 4334 haec
1255 4219 1474 4315 'sententia
1496 4221 1581 4314 suis
1604 4221 1855 4311 destituitur
1874 4232 2076 4306 momen·

693 4377 764 4472 tis.
838 4370 907 4470 lta
947 4373 1118 4501 pariter
1158 4369 1385 4467 Crotonae
1418 4363 1713 4485 Pandofiam,
1737 4359 1791 4480 h)
1833 4361 1954 4466 Sinin
1983 4355 2077 4456 Bu·

1170 4587 1173 4594 ·
1889 4541 2002 4614 xen-

750 4947 1068 5055 praevaluerin
1096 4953 1212 5047 Neap.
1241 4975 1273 5034 n.
1308 4973 1347 5040 4·
1389 4943 1446 5045 f)
1477 4950 1583 5036 Num.
1602 4961 1680 5027 vet.
1699 4973 1734 5048 p.
1761 4960 1829 5041 25·
1899 4949 1948 5055 g)
1979 4953 2077 5031 Anti·

743 5071 837 5172 quir.
861 5065 945 5148 Etr.
979 5086 1018 5142 r.
1048 5085 1089 5142 v.
1167 5055 1214 5166 h)
1253 5064 1413 5146 Pelleriu
1428 5061 1543 5153 Lettr.
1569 5087 1632 5150 11.
1660 5069 1910 5166 pi.1v.n,8.
