5242 6509
1027 1053 1429 1168 nranrm
1836 1085 1910 1192 ῃ

517 1336 578 1472 p)
616 1337 665 1434 dr
709 1332 828 1435 visus
861 1364 889 1434 a
925 1362 1000 1434 me
1039 1297 1279 1468 aquuoties
1319 1336 1366 1434 in
1404 1330 1675 1438 nostratibus
1717 1298 1911 1453 muscis,

521 1499 602 1624 qui
624 1487 792 1620 aliquid
813 1495 982 1624 negotii
1001 1487 1213 1596 facessere
1230 1489 1397 1618 -poffit-
1466 1495 1631 1622 ⁴'l'ypi
1655 1488 1773 1590 soliti
1812 1485 1909 1587 Pal
2027 1599 2032 1612 .

519 1645 637 1749 iadis
665 1652 713 1744 δι
748 1645 904 1778 pegasi
929 1671 1032 1746 cum
1059 1647 1237 1780 Koph,
1267 1643 1344 1743 sed
1370 1641 1553 1742 additur
1581 1641 1782 1742 Palladis
1812 1636 1917 1738 rul-

517 1806 589 1903 tui
630 1827 986 1906 unnennaroz.
1053 1806 1144 1903 ‚A
1181 1804 1356 1902 Seneca
1393 1800 1626 1895 memoriae
1653 1793 1914 1926 proditum,

523 1952 847 2058 Alexandrum
872 1955 1098 2086 Magnum
1114 1960 1320 2088 civitate
1348 1937 1568 2050 donatum
1597 1947 1721 2049 fuisse
1749 1945 1913 2054 aco·

521 2101 725 2204 sinubus.
804 2105 914 2206 Inde
949 2109 1128 2238 colligit
1163 2105 1459 2234 Ponendum,
1495 2101 1612 2197 hunc
1642 2131 1825 2198 numum
1858 2096 1918 2197 ab

522 2253 685 2354 iisdem
714 2255 895 2376 flatum,
920 2264 1133 2384 regisque
1157 2277 1370 2382 tanquam
1391 2247 1620 2384 principis·
1638 2282 1801 2352 eorum
1825 2278 1920 2351 nra·

525 2411 735 2538 gistratus
775 2435 938 2507 nomen
971 2406 1198 2536 adiedum.
1275 2411 1392 2510 Non
1428 2405 1610 2533 denego
1650 2407 1836 2506 Senecae
1862 2402 1917 2502 fi·

524 2561 658 2662 dem..
694 2560 887 2662 'Nihilo
922 2565 1066 2663 minus
1093 2559 1352 2674 ‚immobilis
1373 2590 1476 2692 ‘pro
1516 2559 1665 2661 Sicilia
1701 2559 1919 2689 persisto,

522 2715 929 2848 proptereaquod
953 2723 1091 2813 etiam
1121 2717 1279 2813 in-hac
1311 2717 1449 2811 insula
1467 2711 1787 2810 Alexandrum
1805 2713 1919 2811 Ma·

1933 1297 2155 1402 W
2267 1366 2271 1371 -

2016 1441 2098 1528 Ην.

524 2895 664 2991 gnum
697 2864 994 2957 observatum
1022 2865 1259 2986 reperiam.
1341 2859 1515 2962 illustre
1539 2859 1667 2983 hujus
1696 2863 1764 2959 rei
1803 2860 1935 2960 testim

527 3017 728 3154 monium
745 3011 954 3138 justinus.
976 3007 1225 3134 perhibet,
1258 3001 1314 3144 q)
1353 3039 1617 3111 enumerans
1668 3015 1820 3111 varias
1854 3015 1920 3108 in-

511 3180 598 3308 ter
643 3179 836 3292 gentes,
879 3189 1069 3288 quamn
1109 3163 1249 3296 legati
1298 3195 1403 3265 enm
1441 3166 1607 3289 regem
1643 3163 1919 3292 Babyloniae

502 3329 504 3334 ’
527 3315 908 3446 opperiebantur,
931 3319 980 3412 δι
1004 3316 1191 3418 Siculos.
1271 3311 1411 3420 Unde
1431 3317 1624 3414 insolens
1645 3320 1794 3414 videri
1820 3347 1919 3414 non
2022 3311 2024 3315 ’

531 3469 694 3588 debet,
732 3466 1051 3568 Alexandrum
1079 3476 1124 3568 in
1160 3470 1441 3597 Syracusana
1475 3474 1666 3598 pecunia
1696 3495 1923 3570 memora·

527 3627 595 3742 ri,
621 3640 750 3722 tanto
779 3626 923 3722 minus
952 3623 1081 3748 quod
1109 3622 1276 3726 fuerint
1308 3631 1473 3726 vicinae
1495 3622 1638 3723 Italiae
1673 3624 1839 3746 urbes,
1870 3656 1915 3730 e.

527 3804 571 3904 g.
604 3779 806 3876 Nuceria
838 3772 1105 3901 Alfaterna,
1143 3812 1247 3910 quae
1279 3779 1400 3880 adeo
1441 3778 1622 3877 vultum
1659 3781 1752 3904 ejus
1795 3785 1920 3903 regis

528 3933 575 4023 in
610 3947 802 4048 argento
833 3928 1124 4053 caelaverint,
1175 3957 1227 4032 ut
1266 3935 1489 4033 creditum
1528 3929 1750 4055 aliquibus
1786 3931 1917 4032 multi

530 4079 725 4210 nominis
759 4080 991 4179 Literatis.
1069 4085 1298 4180 Nimirum
1357 4080 1549 4221 (verba
1593 4083 1690 4178 sunt
1728 4078 1921 4220 Justini)
2074 4144 2075 4147 κ

527 4303 558 4352 „
578 4227 695 4330 adeo
711 4229 975 4336 ⁴universum
1013 4247 1233 4332 terrarum
1270 4234 1431 4336 orbem
1469 4236 1663 4332 nominis
1702 4239 1797 4363 ejus
1828 4254 1922 4336 ter·

529 4373 612 4476 'ror
641 4383 895 4505 invaserat,
928 4393 1174 4486 ut‘cunnae
1204 4408 1367 4520 gentes
1411 4387 1542 4492 'velut
1580 4385 1801 4490 destinato
1833 4364 1919 4494 ‘subi

530 4533 628 4659 regi
648 4530 961 4656 adularentur.
982 4612 1012 4660 „
1055 4541 1178 4674 Haec
1217 4563 1364 4676 tamen
1398 4549 1453 4646 iis
1478 4541 1771 4668 solummodo
1806 4541 1923 4662 dicia

533 4683 692 4836 sunto,
730 4692 808 4816 qui
839 4683 898 4792 ab
917 4688 1206 4801 'Alexandro
1240 4699 1423 4836 Magno
1453 4685 1575 4801 nulla
1606 4699 1653 4798 se
1682 4704 1733 4800 vi
1774 4699 1923 4861 duno·

595 4955 597 4960 .
1765 4884 1850 4957 ve·

1174 5167 1229 5273 Η
