5242 6509
694 1031 795 1149 iffi
1010 1131 1013 1140 ,
1186 1048 1649 1121 anundum

444 1232 668 1373 π
683 1290 847 1424 quibus
880 1291 955 1392 alii
983 1289 1144 1396 ssmiles
1177 1325 1418 1398 maxumo
1443 1324 1608 1397 nomen
1629 1288 1814 1440 addund
1863 1289 1946 1394 Eo
1971 1288 2072 1394 uiue
2115 1345 2127 1362 ν

446 1529 502 1606 N·
529 1411 617 1610 1⁷&
627 1545 650 1630 3
688 1450 878 1550 criterio
907 1455 1113 1582 priorem
1140 1482 1168 1552 e
1201 1453 1402 1575 nostris,
1441 1452 1723 1576 alterumque
1756 1447 1896 1548 musei
1921 1445 2072 1546 Pelle·

485 1585 500 1614 ’
559 1583 568 1606 ’
654 1586 842 1706 'riniani
870 1603 926 1724 n)
960 1603 1064 1708 huic
1093 1610 1192 1737 regi
1213 1608 1421 1726 adstruo‚
1441 1613 1549 1734 quia
1569 1603 1809 1705 suuillimus
1827 1601 1950 1731 apud
1964 1626 2070 1696 euu-

686 1757 794 1856 dem
823 1759 1080 1860 Auctorem
1107 1759 1254 1862 exstat
1276 1788 1384 1860 cum
1405 1760 1634 1865 luculenta
1669 1754 1947 1896 epigraphe:
1983 1784 2069 1855 aa·

679 1938 862 2013 amaro.
892 1909 942 2030 o)

840 2205 1078 2306 Posterior
1125 2210 1329 2308 nonnihil
1370 2213 1524 2310 dissert
1552 2210 1726 2325 abeis,
1759 2211 1836 2331 qui
1868 2199 2066 2302 Thesau-

682 2386 785 2459 rum
802 2354 1217 2493 Brandeburgicum
1239 2368 1288 2461 du
1306 2357 1690 2461 Pembrokianum
1719 2361 1956 2458 exornautss
1981 2354 2068 2453 Ad

683 2508 789 2610 haee
820 2507 1092 2640 quadratum
1121 2513 1215 2615 slve
1251 2513 1535 2647 impressum,
1565 2513 1659 2614 sive
1692 2515 1972 2641 prominens,
1996 2503 2072 2605 ha·

688 2670 842 2767 &enus
874 2671 919 2766 iu
940 2669 1148 2772 omuibus
1183 2669 1411 2769 Archelai
1448 2672 1592 2763 numia
1629 2665 1874 2762 observavi
1905 2661 2068 2762 alteru·

688 2837 762 2916 tra
786 2852 851 2919 ex
878 2841 1021 2948 parte.
1097 2820 1151 2919 ld
1180 2827 1368 2920 omnino
1390 2822 1485 2940 jam
1511 2815 1681 2916 abeste
1707 2817 1855 2913 nostra
1878 2836 2073 2930 moneta,
2158 2837 2163 2846 ·

686 2993 752 3060 ex
773 2991 866 3084 quo
893 2971 1005 3057 artis
1028 2971 1299 3055 monetariae
1322 2961 1604 3088 progressum
1628 2989 1720 3056 non
1742 2965 1832 3058 siue
1858 2966 2072 3098 volupia·

684 3130 734 3212 te
759 3107 838 3213 sub
870 3139 932 3212 eo
964 3133 1075 3240 rege
1099 3109 1338 3213 iutuemur.
1415 3183 1421 3194 .

834 3447 992 3572 Caput
1016 3440 1236 3540 Archelai
1257 3441 1521 3548 ¹diademate
1546 3450 1755 3545 vireium.
1831 3441 1982 3544 Velim
1998 3472 2067 3543 er-

677 3627 743 3723 go
773 3590 968 3692 libenter
1002 3591 1215 3707 edoceri,
1244 3619 1343 3714 quo
1367 3590 1548 3688 demum
1579 3601 1713 3720 passo
1741 3621 1844 3689 cum
1877 3595 2066 3690 istorum

677 3747 921 3869 numorum
944 3741 1038 3843 fide
1062 3759 1189 3842 certa
1215 3743 1452 3842 consistere
1489 3745 1623 3873 posit
1652 3745 1745 3874 Jac.
1779 3745 1840 3844 de
1872 3741 2067 3866 wilde,

642 3901 645 3908 ⁴
678 3898 963 4032 Spanhemii‚
988 3921 1238 4022 eorumque
1263 3895 1502 4014 sententia,
1528 3903 1606 4022 qui
1623 3898 1946 3996 Alexandrum
1962 3893 2069 3991 Ma·

679 4084 819 4184 guum
843 4083 872 4150 e
896 4045 1195 4150 Macedoniae
1224 4045 1411 4175 regibus
1448 4053 1644 4176 primum
1674 4045 1881 4148 diadema
1904 4046 2069 4173 gestas·

549 4303 551 4308 .
681 4201 754 4318 se,
784 4221 924 4317 atque
954 4197 999 4295 i'n
1023 4199 1254 4301 Graeciam
1279 4195 1574 4298 introduxisse
1599 4197 1845 4300 defendunt
1857 4193 1872 4320 ,’
1900 4229 1963 4298 ex
1979 4203 2070 4301 imi·

685 4341 863 4451 tatione
909 4345 1129 4448 videlicet
1164 4349 1297 4450 Darii
1331 4348 1565 4453 Persarum
1600 4354 1758 4479 regis,
1789 4383 1925 4480 quem
1955 4349 2069 4456 Aie-

684 4501 863 4608 xander
897 4497 1159 4602 debeliavrt,
1238 4502 1429 4602 Erroris
1455 4503 1587 4603 causa
1615 4504 1824 4626 videtur,
1850 4507 1978 4632 quod
2006 4514 2070 4605 in-

686 4679 760 4765 ter
793 4652 1003 4764 diadema
1040 4655 1269 4761 Persicum
1311 4658 1363 4756 dt
1406 4657 1767 4763 Macedonicum
1817 4657 2070 4768 discernere

1798 4887 1804 4896 .
1912 4809 2018 4914 Vie„

650 5211 651 5214 Ν
748 5095 790 5196 n)
822 5094 917 5174 Rec.
939 5111 981 5172 τ.
999 5113 1032 5208 ¹⁶,
1047 5095 1095 5193 pL
1114 5115 1220 5183 xxxx.
1237 5119 1275 5176 u.
1301 5061 1343 5194 8.
1397 5095 1439 5197 o)
1464 5097 1577 5184 med,
1596 5063 1840 5194 deridemus.
1865 5118 1898 5174 ι.
1994 5145 2002 5154 -
