5242 6509
700 1085 801 1201 rw
1135 1093 1597 1176 onnucra

429 1265 665 1294 m

381 1311 383 1318 ,
427 1293 665 1318 ...Μ

443 1327 632 1401 raanan
691 1331 819 1461 thail,
843 1337 1009 1472 Magni
1029 1336 1377 1469 Traniylvaniae
1402 1343 1691 1474 principatus
1711 1338 1929 1445 Gubernii
1950 1343 2074 1443 Prae·

423 1559 482 1634 N·
498 1441 575 1656 ἐξ
594 1575 658 1636 10·
689 1490 785 1612 ses,
813 1523 950 1622 quem
978 1507 1096 1599 reue
1125 1501 1384 1622 meritoque
1419 1497 1557 1599 Bono
1583 1501 1783 1621 Patriae,
1815 1526 1871 1596 ac
1902 1497 2076 1626 Reipu-

314 1653 316 1660 '
690 1641 822 1746 blicae
844 1648 1086 1752 Literariae
1109 1666 1261 1747 natum
1292 1648 1481 1756 dixeris.
1557 1652 1640 1754 Ad
1663 1649 1763 1749 haec
1785 1671 1879 1748 tam
1902 1649 2076 1781 copiosi

690 1812 831 1897 tantae
861 1799 997 1898 molis
1030 1807 1152 1900 numi
1179 1806 1382 1928 argentei
1403 1803 1662 1934 supponunt
1696 1811 1890 1936 patriam
1921 1831 2079 1933 argen-

687 1967 739 2047 to
776 1949 976 2079 plurimo
1012 1950 1223 2058 divitem.
1301 1949 1427 2094 Quis
1452 1975 1605 2056 autem
1636 1957 1832 2078 Daciae,
1870 1955 2082 2080 Moesiae,

684 2103 982 2228 Paeoniaeque
1013 2124 1194 2241 montes
1224 2130 1419 2238 argento
1454 2107 1576 2212 fuisse
1599 2118 1871 2238 antiquitus,
1904 2105 2081 2233 effeque

685 2251 937 2353 hodiedum
963 2255 1183 2381 gravidos
1207 2263 1425 2386 ignorat?

673 2635 677 2644 .
811 2543 812 2546 ‘
841 2542 932 2641 His
960 2543 1025 2644 itu
1057 2535 1365 2662 confirmans,
1391 2537 1443 2639 fit
1471 2537 1583 2641 mihi
1619 2539 1689 2642 fas
1718 2537 1967 2640 nonnullos
1998 2536 2081 2640 hu·

681 2694 938 2822 juscemodi
987 2721 1148 2794 numos
1193 2689 1418 2790 barbaros
1458 2690 1555 2787 hoc
1596 2693 1707 2788 ioco
1752 2695 2083 2819 depromeree

687 2877 790 2966 mea
831 2880 952 2984 penu
988 2848 1182 2947 necdum
1213 2845 1449 2969 vulgatos.
1531 2841 1704 2968 Neque
1740 2847 1857 2941 enim
1889 2857 1966 2937 aut
2003 2870 2088 2974 op:

687 2997 934 3116 portunior
965 2992 1079 3078 alius
1108 2991 1169 3079 de
1189 2987 1351 3077 iisdem
1378 2987 1617 3090 differendi
1646 2989 1780 3082 locus
1815 2995 1863 3082 &
1904 2992 2089 3100 occasro

688 3139 803 3257 erit,
837 3151 917 3240 aut
942 3157 1104 3236 eorum
1131 3157 1327 3234 examen
1353 3127 1546 3234 utilitate
1572 3131 1757 3234 carebit

1372 3416 1407 3481 ᾗ
1524 3408 1570 3452 ’.

1263 3514 1299 3578 u
1481 3507 1516 3576 e

482 3729 534 3805 N·
567 3744 632 3808 1¹0
850 3761 951 3832 arn.
997 3723 1111 3825 Duo
1134 3729 1286 3858 capita
1304 3728 1474 3857 junna,
1505 3727 1627 3830 aliud
1652 3726 1931 3853 laureatum,
1967 3729 2090 3832 aliud

695 3883 937 4015 galeatum.
975 3877 1029 4014 )(
1070 3913 1267 3998 arnnac.
1343 3885 1504 4036 liques
1535 3883 1779 3994 decurrens
1808 3884 1931 3993 iaeva
1956 3913 2091 3992 uranu

694 4070 869 4144 ramum
904 4057 1108 4172 portans-
1382 4033 1392 4064 ‘
1625 4054 1630 4064 '

1840 4223 1966 4306 nnc.
1999 4225 2033 4301 1.

635 4517 638 4531 ·
740 4599 742 4604 ,
855 4483 1099 4618 Singularis
1123 4472 1236 4590 haec'
1255 4496 1320 4594 eii
1347 4507 1562 4614 moneta,
1592 4520 1697 4618 quae
1721 4493 1883 4592 anticae
1908 4522 1996 4590 run
2029 4497 2093 4591 in·

700 4641 863 4751 scribit
947 4641 1170 4761 Ceterae,
1209 4647 1381 4746 notatae
1421 4643 1525 4743 solo
1556 4648 1738 4744 nomine
1777 4676 1964 4743 murac
2015 4643 2096 4746 sub

704 4805 883 4976 effluite,
913 4795 1039 4898 nulio
1073 4801 1225 4928 pretio
1259 4797 1380 4917 sunt,
1413 4789 1564 4925 atqne'
1588 4801 1635 4893 in
1671 4795 1873 4897 Auunae
1907 4799 2099 4924 Hunga·

704 4956 875 5080 riaeque
894 4945 1167 5086 museisyel'
1185 4949 1440 5054 tenuiffunis
1460 4947 1730 5066 redundant,
1744 4945 1753 4974 ²
1806 4949 1888 5050 De
1904 4948 2090 5064 wilde,
