5242 6509
767 1127 788 1162 ,
923 1053 1483 1128 nvnoennm
1806 1043 1909 1145 m9

1930 1235 2164 1280 m

520 1291 704 1394 demum
734 1289 947 1401 adhiberi.
1025 1295 1150 1400 Usus
1184 1295 1280 1426 ejus
1309 1295 1571 1400 familiarior
1596 1311 1748 1397 tamen
1786 1289 1911 1392 Altae
1945 1299 2136 1372 aanor,

522 1449 733 1580 populis,
754 1482 890 1580 quam
910 1434 1119 1582 Europae
1143 1445 1242 1554 fuit.
1322 1451 1394 1550 Ut
1417 1470 1595 1552 taceam
1613 1477 1749 1574 reges
1766 1446 1912 1544 Com·
2024 1414 2095 1489 W·

519 1629 754 1729 mageneS,
780 1609 1048 1733 Armeniae,
1078 1607 1314 1728 Parthiae,
1347 1610 1526 1722 Ponti,
1551 1606 1751 1735 Judaeae,
1784 1615 1916 1698 nota·

518 1759 568 1854 vi
614 1757 831 1884 plurimas
883 1747 1120 1885 Galatiae,
1161 1759 1421 1891 Phrygiae,
1466 1757 1675 1883 Mylrae,
1713 1751 1913 1879 Lydiae,

519 1905 792 2034 Bithyniae,
825 1913 1033 2035 Ciliciae,
1065 1919 1241 2041 Syriae,
1268 1913 1540 2031 Phaeniciae,
1564 1892 1618 2007 'da
1661 1907 1911 2009 Palaestinae

519 2055 656 2155 urbes
698 2067 746 2160 in
783 2063 1054 2166 adversariis
1100 2071 1243 2186 meis,
1280 2077 1471 2193 quarum
1510 2069 1632 2156 numi
1681 2063 1917 2152 autonomi

517 2205 786 2330 quadratum
825 2215 1044 2316 exhibent
1079 2218 1232 2342 figma.
1323 2215 1507 2314 Contra
1544 2239 1665 2310 vero
1697 2209 1911 2336 Europae

188 2413 194 2426 ·
360 2470 363 2476 ,
522 2370 718 2464 monetis
748 2369 1005 2500 inscriptum
1042 2399 1133 2468 non
1169 2365 1452 2498 deprehendi
1486 2381 1623 2464 extra
1656 2359 1831 2462 ltaliam
1866 2365 1915 2456 dr

522 2507 769 2620 Thraciam
805 2521 896 2622 late
922 2521 1139 2644 sumtam,
1171 2519 1424 2647 insulasque
1453 2516 1672 2636 Cretam,
1712 2514 1918 2636 Melum,

518 2669 566 2766 δι
586 2671 835 2802 Siphnum3
864 2681 913 2767 δι
936 2680 1152 2792 quamvis
1185 2671 1342 2765 lunata
1367 2673 1539 2796 ligura,
1572 2699 1738 2794 nempe
1765 2696 1818 2780 c,
1839 2695 1946 2786 ge·

518 2829 710 2917 neratim
744 2816 1010 2942 loquendo,
1043 2821 1331 2917 communius
1370 2821 1522 2919 adrifit
1549 2817 1613 2919 ob
1645 2816 1914 2918 facilitatem

520 2965 778 3088 scribendi,
818 2970 1155 3090 quoniam-uno
1189 2965 1295 3093 styli
1337 2965 1468 3067 duau
1508 2965 1762 3086 formatur,
1799 2996 1912 3093 qua·

519 3117 650 3222 drata
674 3117 968 3220 nihilosecius
1004 3119 1151 3219 multo
1184 3136 1398 3248 tempore
1431 3124 1631 3250 vigebat.
1709 3121 1911 3227 Gallieni

516 3275 705 3414 quidem
731 3293 870 3376 aetate
896 3271 1054 3401 pallam
1089 3271 1237 3370 adhuc
1271 3280 1317 3370 in
1344 3300 1437 3370 aere
1462 3290 1627 3370 vetere
1655 3273 1835 3402 legitur.

639 3681 650 3706 Ι
676 3587 796 3702 Haec
813 3617 925 3722 ,quae
954 3585 1018 3692 de
1040 3591 1117 3690 usu
1140 3595 1186 3690 da
1213 3593 1481 3718 antiquitate
1505 3590 1656 3693 literae
1687 3597 1909 3726 [potissa-

519 3735 639 3842 mum
671 3773 699 3842 e
729 3753 871 3844 numia
905 3745 1160 3875 disputavi,
1190 3775 1309 3845 cave
1342 3750 1511 3868 minuta
1547 3750 1804 3868 existimes,
1828 3771 1909 3852 aut
1948 3820 1951 3827 ,

520 3893 703 3992 inutilia.
784 3897 1062 3996 Hallucinati
1104 3901 1203 3997 sunt
1252 3904 1298 3997 in
1346 3899 1597 3998 delinienda
1641 3902 1943 4023 numorum,

517 4052 826 4170 gemmarum,
865 4043 1158 4176 lapidumque
1186 4064 1324 4146 aetate
1350 4049 1471 4180 saepe
1500 4073 1554 4146 ac
1589 4045 1809 4170 multum,
1828 4060 1908 4180 qui

516 4197 681 4301 finistra
718 4197 807 4296 hac
839 4203 887 4296 in
928 4215 1062 4328 parte
1094 4194 1376 4302 ducebantur
1413 4204 1659 4336 opinione·
1714 4202 1930 4328 Possem¹

520 4350 734 4478 exempla
764 4345 899 4454 facile
939 4381 1231 4484 congerere,
1263 4355 1296 4458 sa
1328 4385 1618 4462 numerarem
1652 4359 1698 4456 in
1727 4355 1902 4461 deliciis

521 4493 710 4600 aliorum
748 4499 994 4632 lphalmata
1029 4515 1198 4612 venari·
1321 4504 1325 4514 ’
1376 4636 1382 4646 ·
1841 4543 1847 4554 ·
