5242 6509
1027 1109 1476 1183 renum·
1850 1103 1925 1210 27

543 1358 663 1460 Erat
688 1352 904 1458 Herculis
924 1351 1090 1480 religio
1114 1319 1320 1454 Bruttiis
1339 1357 1463 1454 avita
1478 1352 1656 1486 ,quod
1682 1347 1921 1486 stephani
1962 1363 2098 1440 Tm
2070 1373 2156 1440 vti

542 1511 669 1627 teste,
692 1515 873 1640 generis
899 1516 1126 1606 autiorem
1153 1510 1462 1637 agnoscerent
1476 1540 1562 1637 per
1596 1514 1808 1608 Brettum
1818 1511 1920 1634 ejus

526 1661 594 1763 de
626 1663 805 1762 Baletia
842 1659 1035 1758 fillum
1075 1663 1275 1758 victoria
1317 1687 1437 1758 vero
1478 1659 1605 1786 bigas
1641 1665 1806 1784 urgens
1828 1689 1919 1758 .·eo

532 1805 723 1918 rundem
747 1815 949 1917 Martios
972 1815 1176 1934 animos,
1208 1815 1524 1936 uirtutemque
1554 1810 1760 1911 bellicam
1786 1809 1915 1941 figni-

516 1961 665 2082 ficat,
689 1994 777 2088 qua
809 1985 984 2081 tantum
1019 1965 1269 2081 valebant,
1290 1981 1398 2086 ¹„ut
1439 1964 1602 2064 multas
1643 1965 1799 2064 Graeci
1830 1993 1914 2061 noe

526 2117 659 2212 minis
690 2118 904 2213 civitates
938 2115 1065 2216 Italia
1102 2113 1420 2244 expellerent,
1462 2120 1647 2210 -··&
1677 2113 1914 2241 perniciali

327 2276 329 2285 “
529 2269 666 2362 etiam
704 2258 886 2390 regibus
918 2263 1236 2386 haberentur„
1283 2293 1393 2388 quae
1434 2263 1580 2366 verba
1608 2265 1759 2394 justini
1804 2263 1914 2362 sunt.

526 2409 600 2542 d).
629 2411 823 2512 Artibus
860 2413 1069 2550 perinde,
1102 2430 1244 2541 atque
1271 2418 1408 2532 armis
1438 2412 1697 2516 excelluisse
1708 2445 1737 2537 ,‘
1755 2415 1914 2514 testan-

526 2582 603 2690 tur.
639 2564 944 2692 elegantiffimi
969 2595 1136 2668 eorum
1160 2570 1314 2686 numi,
1352 2583 1453 2668 tum
1473 2565 1573 2702 hic
1584 2596 1685 2700 prae
1721 2569 1913 2708 ceteris,

520 2745 616 2848 quo
647 2745 737 2860 vix
789 2717 1071 2844 pulcriorem
1092 2715 1331 2812 definerea

1972 1486 2128 1682 Nfra

529 2953 533 2961 ’
574 3037 789 3165 menne
825 2950 1005 3140 cmm
1041 2991 1382 3204 ncnuroz,
1424 3037 1502 3140 ver
1528 3039 1843 3152 ιιιιιιι·

515 3261 918 3540 ὡΡιςιιιε,
958 3233 1038 3414 ιιι)
1073 3319 1169 3416 quo
1209 3319 1374 3392 nomen
1409 3289 1532 3393 urbis
1570 3293 1899 3406 Phaeniciisli·
1946 3335 1998 3415 ιι.
2032 3359 2097 3441 13

536 3431 767 3580 erin)(
803 3429 966 3546 Planta
995 3439 1211 3567 videtur,
1248 3459 1327 3542 aut
1369 3443 1501 3574 pilcis
1534 3450 1741 3593 marinum

1437 3635 1441 3661 '
1618 3637 1735 3723 AER.
1765 3641 1836 3726 ln.

655 3887 899 4032 Similem,
952 3907 1029 4012 sed
1071 3899 1281 4038 insignem
1323 3797 1546 4035 Herculis
1587 3911 1751 4038 vultu,
1800 3851 1891 4046 qua

504 4068 642 4180 parte
662 4057 830 4182 videor
862 4055 971 4156 mihi
1001 4063 1190 4204 piscem,
1209 4079 1286 4160 aut
1315 4059 1516 4190 plantam
1542 4063 1736 4189 videre,
1772 4097 1891 4200 prae·

498 4207 644 4332 cipuis
677 4207 822 4308 Italiae
858 4213 1008 4306 numia
1048 4213 1284 4330 meritoa
1256 4205 1465 4315 accenset
1500 4138 1766 4317 Pellerinius
1780 4211 1888 4358 ,e)

498 4379 647 4478 eoque
689 4358 826 4457 titulo
880 4351 1080 4502 inprimis
1128 4349 1454 4484 commendat,
1507 4366 1635 4492 quod
1679 4373 1889 4502 primige-

498 4511 618 4606 nium
644 4505 764 4608 urbis
791 4533 955 4614 nomen
990 4503 1137 4634 Berr,
1168 4487 1268 4615 five
1287 4505 1389 4615 Birt
1418 4497 1709 4648 profiteatur
1738 4517 1882 4628 Phue-

497 4660 622 4760 ιιιιιι
648 4657 976 4765 characteribus
1003 4659 1282 4912 expreffug3
1324 4697 1391 4769 ex
1427 4699 1525 4798 quo
1553 4671 1795 4802 plurimum
1820 4677 1874 4776 ιι·

575 4861 584 4874 .
646 4863 651 4878 .
1019 4889 1024 4894 ,
1300 4845 1333 4916 2
