5242 6509
968 1106 1533 1183 nvnonnnm
1809 1107 1913 1209 2η

546 1344 750 1477 maxima
773 1376 892 1481 opus
913 1352 974 1461 est
990 1355 1390 1485 circumspedllone
1419 1359 1464 1454 in
1479 1345 1742 1452 definienda
1767 1381 1795 1450 e
1817 1347 1919 1449 cha*
1939 1302 2174 1436 ᾗ
2254 1366 2267 1387 ·

544 1512 770 1631 jradterum
799 1503 956 1629 liguris
990 1534 1229 1605 numorum
1258 1524 1432 1626 aetate,
1466 1534 1621 1629 neque
1638 1520 1810 1604 temere
1831 1500 1919 1602 hac

548 1658 592 1753 in
620 1674 752 1784 parte
775 1657 1051 1757 statuendum
1071 1660 1135 1757 eli
1159 1657 1351 1782 aliquid,
1384 1657 1460 1756 nisu
1495 1661 1632 1775 etiam
1660 1672 1850 1770 ceterae,
1875 1674 1925 1754 ut

548 1802 870 1938 praediximus,
909 1810 1166 1941 conspirent
1210 1809 1441 1941 perillases
1451 1882 1469 1935 ,
1501 1812 1760 1938 cumprimis
1790 1802 1926 1907 fabri·

536 1986 607 2059 cae
636 1966 770 2068 ratio.
1455 1993 1459 2000 ·
1515 2003 1519 2015 v
1666 1996 1670 2001 ·
1920 2008 1925 2016 ·

2012 1472 2099 1552 Ἧι

1068 2294 1358 2445 ,ξαιί

699 2598 812 2687 neu
853 2586 1007 2691 Pallas
1042 2590 1220 2721 galeata
1241 2588 1463 2723 gradiens
1487 2592 1721 2720 pugnantis
1751 2498 1928 2706 habitu,
2003 2595 2057 2671 N·
2088 2612 2130 2691 a·

548 2734 671 2838 laeua
704 2739 924 2866 aegidem,
956 2759 1007 2833 ut
1044 2743 1253 2863 videtur,
1287 2742 1523 2862 obtendit,
1554 2739 1722 2842 dextra
1759 2738 1929 2842 hallam

547 2889 745 3017 projicit·
779 2886 832 3020 )(
858 2884 1068 2991 Medusae
1088 2892 1244 2999 vultus
1273 2890 1563 2996 horrentibus
1588 2892 1774 3024 capillis.
1807 2959 1813 2971 -

1651 3080 1873 3163 AEKM

701 3382 800 3481 Aut
842 3384 1038 3483 aliuseil
1064 3380 1237 3500 abeo,
1273 3408 1411 3505 quem
1447 3378 1727 3479 Wmchilsea
1741 3394 1744 3399 ’
1757 3377 1934 3501 habuit,

549 3528 608 3661 u)
644 3551 722 3630 aut
755 3530 915 3633 fefellit
944 3534 1102 3631 oculus
1127 3532 1459 3631 eruditiffimum
1474 3531 1733 3649 Comitem,
1765 3537 1842 3656 qui
1862 3556 1936 3632 ca·-

545 3695 629 3805 put
670 3679 816 3807 leonis¹
855 3688 1037 3780 exuviis
1077 3692 1330 3784 contectum
1359 3682 1504 3806 vidit,
1542 3714 1605 3784 ex
1640 3711 1735 3808 quo
1770 3680 1936 3783 Thesei

545 3826 628 3919 vel
650 3830 871 3928 Herculis
896 3820 1053 3930 definit
1073 3838 1328 3963 imaginem.
1404 3834 1516 3959 Ego
1542 3830 1816 3931 manifestum
1830 3836 1937 3933 Me·

490 4046 493 4053 .
549 3968 673 4067 dusae
701 3958 877 4074 vultum
908 3983 1090 4078 intueor
1111 3982 1359 4109 rigentibus
1379 3980 1439 4083 ad
1486 3991 1708 4080 terrorem
1735 3982 1938 4112 capillis,

550 4124 787 4221 venusium
825 4142 1024 4250 cetera,
1049 4135 1117 4227 uti
1156 4134 1391 4230 venustum
1426 4132 1547 4262 saepe
1576 4134 1804 4233 linxerunt
1833 4141 1940 4233 arti·

548 4272 664 4373 fices
699 4283 871 4403 graeci,
895 4285 1130 4409 praecipue
1151 4275 1432 4413 gemmarum
1459 4284 1715 4417 scalptores
1737 4316 1941 4415 praeeun-

553 4438 600 4518 te
623 4425 817 4545 Solone,
851 4450 991 4557 quem'
1017 4446 1099 4531 'tot
1129 4428 1405 4537 veteres‘ac
1434 4444 1715 4537 recentiores
1743 4436 1942 4538 aemulati

551 4574 680 4696 sunt,
715 4582 1172 4696 -consecutusnemo,
1255 4591 1324 4689 Et
1359 4618 1481 4690 vero
1506 4587 1700 4690 Medusa
1728 4584 1843 4687 bene
1871 4590 1941 4700 so·

553 4736 698 4832 ciatur
722 4732 955 4835 Minervae
985 4737 1173 4840 alterius
1200 4750 1358 4871 partis.
1434 4737 1626 4833 Norunt
1647 4764 1830 4859 omme,
1861 4734 1941 4839 hu·
2060 4764 2064 4769 ·

1789 4920 1865 5018 Jus

611 5153 1361 5267 mfflmffifflmmmm
