5242 6509
960 1065 1523 1174 uvuonnum'
1849 1049 1975 1207 lm*

570 1326 711 1465 Hdae,
732 1329 946 1446 refertum
979 1348 1142 1449 talibus
1168 1353 1393 1470 monetis,
1423 1345 1580 1475 quales
1613 1360 1734 1442 'nunc
1770 1345 1950 1471 inquiri-

570 1528 696 1620 mus,
720 1528 822 1626 quae
843 1500 1024 1625 quidem
1050 1531 1209 1601 omnes
1235 1509 1277 1599 in
1298 1503 1391 1629 ipsa
1411 1501 1547 1598 insula
1563 1498 1768 1598 Curzola
1793 1525 1950 1623 reper-

568 1672 628 1751 tae
653 1650 830 1750 fuerint.
904 1639 982 1751 En
1000 1683 1130 1752 unum
1150 1656 1331 1771 testem,
1354 1682 1542 1781 gravem
1563 1650 1688 1749 sane!
1720 1647 1963 1784 Luculeny

567 1806 757 1903 tiffimus‘
786 1806 929 1925 alter,
957 1806 1017 1905 ad
1044 1836 1182 1933 quem
1216 1836 1464 1933 provoco,
1500 1804 1563 1903 est
1590 1804 1709 1929 saepe
1739 1799 1949 1899 laudatus

1975 1286 2208 1339 Q

2005 1345 2197 1423 Tnuvun

2038 1451 2116 1537 W.

567 1955 692 2059 Rev.
712 1958 856 2060 Dom.
875 1960 1043 2058 Fort'm.
1120 1961 1213 2057 Hic
1241 1989 1323 2084 per
1343 1957 1597 2086 praedidum
1621 1959 1814 2052 amicum
1836 1952 1949 2050 Ter·
1975 2015 1980 2028 ·

565 2108 779 2229 gestinum
805 2108 937 2233 super
956 2106 1122 2207 eodem
1149 2114 1337 2232 negotio
1362 2125 1550 2235 rogatus
1568 2099 1828 2229 respondit,
1846 2100 1945 2198 fuis·
1980 2110 1983 2119 '

562 2258 607 2352 se
628 2254 687 2353 ad
711 2255 999 2383 se'magnum
1038 2256 1257 2379 ejusmodi
1293 2242 1577 2355 monetarum
1611 2279 1843 2351 numerum
1880 2283 1946 2352 ex

558 2402 727 2503 eadem
759 2407 895 2505 insula
930 2400 1317 2536 deportatum&
1348 2407 1476 2535 quod
1502 2406 1721 2535 ampHnn,
1747 2402 1942 2527 adjecit,

562 2560 697 2653 etiam
717 2556 939 2658 Nobilem
962 2560 1207 2685 quemdam
1233 2562 1481 2680 Venetum‚
1517 2588 1662 2685 nuper
1697 2590 1725 2657 e
1761 2555 1945 2655 Curzo-

561 2706 605 2804 la
632 2711 924 2822 redeuntem,
958 2711 1182 2830 plurimos
1210 2710 1256 2804 id
1282 2736 1424 2833 genus
1457 2712 1792 2837 numossecum
1820 2728 1944 2804 retu·

561 2855 683 2976 Effe,
721 2857 847 2977 cujus
868 2860 936 2952 rei
955 2854 1122 2957 vadem
1150 2840 1261 2955 estat
1278 2859 1347 2959 Ill.
1367 2862 1432 2962 D.
1456 2854 1798 2986 Hieronymum
1826 2861 1944 2957 Zan-

553 3013 695 3128 netti,
717 3012 909 3105 scientiae
924 3011 1136 3105 numeriae
1158 3012 1476 3139 peritissrmum.
1551 3014 1683 3111 Num
1706 3008 1815 3132 quid
1834 3040 1944 3137 prae·

557 3174 682 3259 terea
716 3163 907 3290 petimus
932 3165 970 3255 ἓ·
996 3160 1100 3258 Aut
1138 3177 1369 3261 tantorum
1416 3167 1639 3259 Virorum
1683 3160 1943 3261 diffidemus

270 3282 275 3291 ’
388 3290 394 3303 ’
555 3314 790 3410 oraculis?
841 3309 959 3413 lstud
999 3309 1180 3433 quidem
1218 3312 1354 3409 nefas.
1431 3312 1479 3406 Si
1506 3336 1626 3405 vero
1661 3313 1942 3432 acquiescen-

555 3462 663 3559 dum
702 3466 767 3561 est
797 3493 956 3561 eorum
984 3465 1273 3579 audoritati,
1323 3488 1474 3559 nonne
1497 3460 1590 3583 jam
1624 3459 1794 3584 liquida
1824 3470 1941 3560 res?

554 3613 622 3712 Et
649 3614 801 3714 cedo!
835 3612 944 3741 quid
974 3615 1063 3733 est,
1092 3642 1177 3711 cur
1211 3618 1551 3712 numismaticos
1591 3608 1794 3711 honores
1818 3616 1941 3712 Cor·
1980 3618 1984 3623 ’

552 3794 684 3913 cyrae
709 3768 873 3890 Nigrae
900 3768 1136 3893 deneges?
1165 3767 1375 3865 Vidimus
1396 3763 1490 3863 lffae
1513 3763 1740 3890 PharIque
1765 3793 1938 3867 numos.

556 3912 655 4007 Cur
680 3912 828 4007 nullos
850 3916 1093 4037 fignaverit
1128 3917 1349 4041 Corcyra
1369 3918 1551 4041 Nigra,
1581 3944 1739 4041 parum
1767 3936 1845 4014 aut
1874 3922 1940 4012 ni·

554 4060 618 4164 hil
645 4064 712 4159 eis
748 4060 896 4158 insulis
919 4060 1135 4183 inferior,
1173 4066 1371 4188 ideoque
1405 4064 1607 4189 plurimis
1634 4088 1726 4163 tam
1758 4068 1939 4165 Graecis
1984 4086 1987 4094 ’

549 4244 684 4340 quam
730 4214 906 4341 Latinis
936 4210 1214 4344 geographis
1236 4216 1507 4333 celebrata?
1560 4219 1698 4353 Instar
1737 4224 1936 4319 omnium

551 4364 605 4461 fit
635 4364 765 4463 nobis
791 4362 1161 4492 Agathemerus‚
1188 4384 1242 4492 x)
1281 4377 1359 4494 qui
1379 4368 1583 4497 adpofite
1609 4370 1669 4469 ad
1695 4398 1795 4467 rem
1816 4400 1936 4499 prae·

550 4513 719 4621 sentem
745 4518 919 4619 scribit:
937 4550 1050 4618 nuru
1071 4552 1112 4617 εν
1125 4554 1188 4640 τῳ
1214 4513 1340 4648 odem
1365 4556 1472 4629 mour
1486 4555 1610 4648 παςα
1631 4554 1704 4625 την
1723 4519 1933 4644 unorum,

821 4666 826 4675 ¹
1152 4676 1269 4776 Z2
1809 4668 1860 4767 m

606 5052 895 5161 mmmmm
