5242 6509
988 1126 1451 1212 innuen
1831 1123 1899 1224 41

524 1372 764 1500 spicum,
819 1362 1020 1495 qualem
1055 1367 1185 1474 adeo
1241 1364 1433 1476 feliciter
1486 1363 1751 1504 expressit,
1826 1367 1906 1493 qui
1956 1355 2151 1572 Τιιυιι

524 1525 915 1622 cecinit:
1037 1543 1043 1628 ἶ
1144 1575 1147 1584 ·
1321 1581 1324 1588 ·
1708 1593 1711 1598 -
1971 1603 2024 1686 N
2059 1626 2100 1694 4

510 1759 724 1914 Dum
746 1753 932 1897 dubitat
967 1695 1158 1872 natuna,
1208 1781 1378 1855 marem
1418 1705 1650 1864 faceretne
1687 1750 1904 1889 puellam,

632 1911 834 2016 Fattus
854 1931 937 2030 ee,
973 1944 1002 2005 o
996 1904 1206 2047 pulcer!
1229 1930 1361 2038 paene
1384 1905 1535 2040 puella
1560 1934 1687 2038 puer.
1707 1901 1760 2024 e)
1882 1928 1886 1935 ’

526 2179 551 2228 ·.
666 2138 737 2240 ‘Et
763 2137 874 2240 iacit
890 2167 980 2270 pro
998 2135 1190 2242 Baccho
1211 2167 1302 2237 non
1326 2144 1471 2243 modo
1490 2167 1699 2238 racemus
1724 2145 1770 2236 in
1785 2153 1906 2256 aren,

513 2288 769 2394 sedetiam
809 2288 1052 2414 diadema3
1093 2286 1308 2414 siquidem
1354 2294 1506 2427 Plinio
1545 2291 1683 2409 teste,
1728 2287 1906 2410 „idem

509 2441 744 2568 diadema,
783 2472 939 2569 regum
971 2444 1159 2573 insigne,
1200 2443 1246 2538 it
1275 2441 1552 2575 tn'unnphum
1583 2444 1757 2543 invenlt
1775 2515 1807 2562 „
1826 2435 1899 2565 f)

509 2596 596 2700 Nil
631 2601 815 2718 mirum,
831 2637 834 2646 ·
850 2595 956 2695 huic
993 2596 1087 2696 deo
1130 2589 1334 2694 additlos
1368 2593 1493 2699 finisse
1527 2597 1863 2730 Agrigentinos
1872 2640 1894 2716 ι

504 2777 701 2874 quorum
731 2748 877 2848 colles
901 2747 1100 2867 plurimo
1129 2747 1223 2833 vini
1250 2749 1455 2860 generosi
1487 2767 1719 2872 proventu
1753 2745 1895 2840 luxu·

506 2898 721 3010 tiabann
742 2909 796 2990 ut
829 2893 876 2984 in
910 2885 1081 3014 vulgus
1112 2899 1280 2980 notum.
1361 2891 1542 3016 ‘Neque
1585 2897 1616 2991 ii
1660 2911 1734 2990 tot
1766 2893 1893 2991 secu.

506 3042 658 3142 lorum
692 3032 938 3160 intervallo
969 3053 1209 3134 mutavere
1250 3037 1508 3165 ingenium,
1547 3039 1625 3140 sed
1658 3038 1890 3168 hodieque

502 3206 679 3290 tantum
703 3185 904 3286 adfluunt
934 3189 1058 3308 vini
1107 3185 1242 3306 olei,
1270 3186 1502 3312 humenti,
1533 3198 1783 3322 omnisque
1797 3191 1891 3294 fru-

500 3349 650 3440 etuum
681 3343 862 3473 generis
891 3333 1184 3454 abundantia,
1225 3360 1277 3440 ut
1309 3344 1365 3442 iis
1398 3344 1646 3476 conspettis
1682 3343 1889 3447 nobiliffi·

499 3520 604 3594 nnus
639 3492 770 3594 Baro
800 3489 1018 3592 Riedesel
1047 3492 1425 3598 exclamaverit:

507 3827 512 3838 ‚
815 3736 834 3759 ·
1098 3689 1292 3788 ·Hic
1330 3694 1496 3789 vivere
1530 3688 1735 3812 vellem,

655 3835 928 3996 Oblitueque
961 3869 1205 3966 meorum,
1235 3816 1570 4007 obliviscendus
1594 3858 1643 3952 &
1661 3843 1768 3947 illis¹
1876 3845 1880 3851 ’

792 4103 1519 4286 ’,(ιΕιιι

650 4399 801 4536 Caput
833 4399 1024 4505 Cereris
1056 4405 1136 4508 vel
1167 4409 1485 4544 Proserpinae:
1513 4413 1558 4510 in
1585 4437 1694 4518 area
1719 4445 1879 4586 ιιιοιιο··
1942 4425 1995 4507 N
2027 4439 2068 4521 5

493 4581 707 4752 gramina„
742 4552 1054 4693 Χιιιιιιιιιι.
1089 4562 1241 4695 Spica.
1345 4595 1349 4604 ’
1598 4711 1704 4800 AER

1705 4718 1892 4802 .ιιι.·

1725 4839 1802 4939 Sic
