5242 6509
735 1082 899 1201 208¹
1175 1091 1635 1197 unurcrs

392 1454 396 1462 Ι
473 1272 707 1519 Ψ
727 1341 828 1465 vis,
858 1341 1046 1438 arietem
1075 1342 1236 1441 anticae
1267 1320 1410 1470 partis
1432 1344 1637 1457 intueor,
1661 1332 1776 1437 subit
1809 1336 1929 1439 illius
1949 1343 2116 1471 pastu

474 1495 620 1654 W,
632 1577 703 1647 ω.
726 1494 789 1591 ris
830 1496 1092 1615 memoria,
1125 1482 1215 1623 ‘qui
1249 1494 1376 1626 apud
1407 1490 1650 1621 Virgilium
1685 1489 1737 1609 t)
1774 1490 1832 1593 irc
1861 1522 1979 1629 opes
2018 1496 2120 1599 suas

724 1651 959 1777 magnifice
987 1669 1173 1781 crepat:
1674 1655 1677 1657 ’

876 1882 1016 1982 Mille
1038 1914 1154 1985 meae
1185 1883 1347 1989 Siculis
1376 1907 1529 1986 errant
1561 1894 1608 1986 in
1640 1882 1869 1989 montibus
1892 1913 2036 2015 agnae.
2409 1987 2411 2046 ,

723 2174 908 2310 Quippe
956 2168 1048 2270 hoc
1104 2177 1245 2302 ipsum
1301 2180 1409 2297 est,
1467 2177 1599 2305 quod
1668 2180 1943 2309 Craniorum
2009 2202 2111 2267 mo·

547 2402 550 2409 .
716 2328 876 2422 netarii
913 2328 1065 2423 arietis
1104 2334 1227 2453 typo
1274 2326 1526 2453 praedicare
1571 2321 1803 2420 volebant.
1880 2322 1948 2420 Et
1984 2348 2108 2418 vero

713 2468 976 2599 frequentes
1002 2483 1189 2576 arietum
1211 2484 1461 2603 oviumque
1485 2506 1653 2607 greges
1668 2470 1893 2573 'habituffe
1913 2477 1959 2571 in
1986 2545 2016 2590 ,‚
2029 2475 2109 2572 Sa·
2140 2528 2149 2542 =

712 2631 789 2752 xis
812 2625 1165 2759 Cephalenum„
1187 2633 1253 2727 uti
1272 2629 1407 2729 Silius
1427 2649 1599 2745 vorat,
1620 2624 1786 2727 lubens
1810 2623 2107 2745 crediderim,

706 2780 835 2907 quod
871 2785 1036 2887 animal
1069 2783 1184 2885 illud
1223 2782 1370 2889 saxofl
1406 2799 1546 2907 atque
1583 2779 1729 2909 asperi
1781 2783 1945 2903 ingenii
1986 2776 2108 2876 locis

704 2931 894 3027 multum
930 2939 1192 3033 deludatur.
1274 2938 1405 3029 Mira
1425 2935 1548 3053 lunt,
1582 2962 1689 3055 quae
1724 2930 1786 3028 de
1823 2934 1976 3059 capris
2013 2929 2104 3028 Ce-

701 3074 939 3205 phalleuiis
978 3075 1253 3173 Aristoteles
1286 3080 1450 3173 narrat
1490 3080 1545 3193 u)
1578 3083 1625 3174 Si
1663 3083 1703 3176 ei
1737 3077 1875 3197 fideS,
1911 3111 2007 3177 non
2040 3082 2105 3181 bi·

704 3230 846 3351 bunt,
879 3247 931 3329 ut
957 3230 1147 3355 reliquae
1181 3224 1505 3358 quadrupedes
1541 3225 1750 3351 quolibet
1776 3227 1883 3349 die,
1917 3231 1995 3329 sed
2030 3247 2115 3329 cur'

702 3393 799 3513 pita
824 3414 1001 3511 oraque
1039 3384 1281 3485 adversum
1317 3400 1490 3485 ventos
1520 3380 1800 3504 obvertunt,
1837 3381 2122 3509 hiantesque

701 3528 894 3633 vertum
929 3538 1177 3655 excipiunt.
1259 3532 1329 3623 Et
1365 3528 1494 3649 quod
1528 3536 1725 3653 amplius
1759 3543 1952 3650 mirere,
1994 3536 2103 3630 alibi

702 3680 762 3795 u)
801 3674 980 3801 tradit,
1005 3679 1087 3777 sex
1114 3672 1333 3774 menfibus
1365 3674 1425 3774 ab
1458 3678 1584 3771 omni
1621 3693 1739 3805 potu
1771 3677 2019 3800 abstinere3
2053 3678 2103 3774 id

699 3830 828 3961 quud
852 3829 1069 3934 AEliauus
1099 3830 1179 3931 suu
1211 3856 1396 3957 quoque
1425 3825 1605 3928 calculo
1634 3826 1817 3961 probat.
1856 3826 1916 3952 y)

853 4138 1062 4244 Alterius
1087 4136 1216 4239 faciei
1246 4138 1460 4265 typusin
1488 4138 1601 4235 meis
1627 4138 1771 4234 nu'mis
1802 4155 1937 4230 arcus
1970 4124 2102 4223 vide·
2186 4184 2193 4187 -

698 4311 797 4410 tur,
826 4297 872 4386 in
910 4294 1008 4383 aliis
1056 4322 1187 4415 paene
1218 4289 1396 4387 literam
1433 4317 1470 4380 Δ
1498 4290 1733 4383 mentitur.
1816 4272 2099 4376 Froelichius

697 4460 831 4577 putat
860 4430 1181 4569 Cephallenen
1228 4451 1524 4559 terrarum,
1568 4448 1645 4529 aut
1690 4430 1837 4563 ipsam
1883 4424 2098 4550 Crunos,

698 4616 905 4730 quartam
931 4593 1027 4721 ejus
1054 4585 1205 4690 iululae
1233 4585 1418 4712 urbem,
1457 4582 1690 4715 designari
1774 4579 1869 4685 Sed
1900 4579 1994 4679 hoc
2027 4582 2094 4677 iu·

1938 4760 2015 4858 ge·
2053 4820 2073 4868 .·

764 5072 800 5181 t)
828 5070 1098 5171 BucolEdog.
1126 5098 1192 5183 rr.
1209 5099 1247 5157 v.
1264 5092 1332 5156 21.
1389 5035 1430 5168 u)
1459 5066 1654 5147 Admisr.
1680 5073 1720 5138 1.
1778 5050 1829 5160 x)
1862 5054 1921 5152 De
1939 5050 2091 5141 salunt

770 5216 921 5287 usur,
960 5191 1009 5297 y)
1037 5184 1306 5273 Deustamm.
1331 5196 1660 5281 r..111,r„32..
1769 5239 1773 5248 ,
1904 5228 1921 5241 .
