5242 6509
998 1132 1563 1206 nvnorann
1826 1120 1928 1224 im

552 1375 690 1496 dem,
726 1385 851 1478 certe
869 1375 1099 1482 ¹confinem
1134 1385 1328 1508 patriam
1373 1383 1610 1510 pertineat.
1701 1373 1772 1474 Et
1819 1356 1934 1472 nonl
1977 1371 2160 1445 Ttflvsse

553 1561 611 1630 ne
656 1559 722 1630 ex
776 1529 846 1630 his
892 1531 1119 1635 manifeste
1155 1537 1379 1666 sequitur,
1416 1553 1571 1634 cetera
1604 1559 1794 1656 quoque
1823 1529 1929 1632 talia
1952 1606 1989 1684 N
2013 1487 2188 1703 ἐξω

549 1683 886 1786 tetradrachma
928 1693 1095 1817 partim
1141 1689 1348 1806 literato,
1386 1689 1553 1817 partim
1587 1678 1926 1814 anepigrapha‚
1991 1675 2000 1696 ’
2181 1689 2186 1695 ’

548 1859 626 1939 aut
659 1843 704 1936 in
730 1840 823 1968 ipsa
848 1842 1062 1962 Paeonia,
1086 1860 1163 1941 aut
1195 1849 1240 1943 in
1279 1844 1573 1942 conterminis
1610 1840 1810 1940 Paeoniae
1834 1854 1929 1938 ter·

548 1996 612 2090 ris
643 1989 796 2092 lumen
819 1991 978 2096 vidisse
1004 2013 1134 2095 tanto
1165 2001 1366 2116 certine,
1415 1989 1543 2122 quod
1577 1987 1639 2091 ibi
1671 2009 1764 2088 tam
1814 2019 1927 2120 pros

545 2144 745 2271 digiosa‚
784 2162 842 2242 ut
880 2144 1157 2268 audivimus,
1183 2144 1281 2250 fere
1327 2148 1473 2249 indies
1508 2141 1792 2240 multitudine
1824 2173 1926 2240 eru·

546 2285 723 2391 antur*
744 2299 766 2389 2
791 2294 885 2392 Per
904 2297 1100 2394 Daciam
1135 2299 1318 2422 quidem
1358 2299 1530 2411 obvia,
1561 2297 1610 2390 oz
1650 2320 1741 2424 pro
1767 2293 1925 2394 Dece·

545 2441 637 2568 baii
659 2449 798 2543 numis
825 2453 1122 2548 communiter
1149 2449 1207 2550 ab
1232 2452 1453 2576 indigenis
1479 2445 1667 2565 haberi,
1696 2444 1834 2544 semel
1857 2462 1925 2541 at·

542 2583 633 2721 que
660 2600 824 2697 iterum
854 2587 1014 2701 coram
1050 2605 1233 2704 testatus
1274 2604 1338 2705 esi
1374 2604 1500 2704 Exc.
1533 2599 1663 2698 Baro
1691 2599 1948 2698 Brueken··
1971 2649 1992 2663 ›-

1735 2750 1855 2868 thal,
1922 2771 1934 2851 ‘.

601 3068 623 3112 '⁵
652 3081 863 3154 Druantiliae
882 3087 975 3173 Aug.
989 3093 1146 3157 monetae
1166 3080 1244 3158 satis
1265 3084 1424 3178 cognitae
1441 3079 1644 3162 Emditise
1666 3081 1926 3181 supplemento
1998 3176 2003 3185 ι

597 3193 734 3270 Rheliii
753 3196 800 3269 ad
819 3195 1001 3272 Vaillantii
1023 3200 1261 3295 imperatores
1281 3199 1391 3275 Rom.
1418 3198 1479 3277 sed
1496 3197 1638 3278 ubinam
1658 3202 1720 3278 ilia
1747 3201 1925 3294 gentium,

597 3306 752 3401 &cujus
771 3303 869 3390 uxor
886 3311 1030 3404 tyranni
1054 3309 1183 3404 suerit,
1205 3314 1277 3392 hoc
1299 3314 1442 3415 quidem
1459 3317 1702 3404 incognitum,
1725 3312 1925 3402 tacentibus

592 3439 759 3500 veterum
780 3425 1056 3503 commentariis.
1116 3422 1155 3501 Si
1177 3427 1256 3528 quis
1274 3449 1388 3503 meam
1407 3427 1569 3530 exquirat
1602 3426 1832 3514 sententiam,
1862 3447 1925 3498 au·

594 3539 719 3614 datter
750 3543 965 3618 Druantillae
998 3563 1137 3644 quoque
1154 3539 1271 3621 sedern
1293 3545 1330 3620 in
1352 3542 1562 3636 Pannonia,
1588 3541 1737 3632 Moira,
1760 3543 1825 3618 vel
1846 3539 1923 3616 Da·

591 3654 646 3733 cia
663 3651 760 3750 figo,
780 3673 970 3756 propterea
997 3657 1097 3762 quod
1127 3654 1203 3750 ejus
1232 3658 1372 3738 denarii
1399 3661 1551 3760 nuspiam
1584 3659 1695 3757 alibi,
1726 3681 1829 3761 quam
1846 3658 1921 3734 hoc

585 3792 753 3856 terrarum
773 3773 885 3850 traoiu
902 3773 1108 3858 obveniant.
1168 3773 1221 3856 Et
1240 3777 1345 3880 quid,
1360 3775 1575 3874 srSponiiani
1596 3777 1755 3855 thalamo
1769 3773 1920 3868 jungeri·
2004 3795 2010 3806 ·
2096 3773 2101 3784 '

585 3887 633 3958 da
660 3882 780 3976 foret,
803 3887 900 3978 cujus
926 3891 1043 3984 ignoti
1072 3895 1203 3990 pariter
1228 3895 1376 3985 tyranni
1405 3914 1531 3969 aureos
1554 3890 1707 3992 quinque
1732 3911 1859 3964 numos
1878 3889 1917 3962 in

586 3997 701 4072 Dacia
730 3997 827 4091 supra
855 4003 1038 4092 recensui?
1075 4005 1256 4086 Profetio
1283 4008 1463 4106 utriusque
1489 4019 1598 4092 aetas,
1624 4003 1779 4097 spemata
1796 4022 1919 4075 numo·

580 4120 661 4186 'rum
690 4105 846 4200 fabrica,
875 4135 951 4187 non
979 4114 1173 4192 admodum
1204 4115 1350 4193 differre
1371 4120 1516 4214 potest,
1539 4114 1755 4218 videturque
1772 4114 1808 4190 in
1831 4113 1919 4191 Gai·

580 4226 666 4303 lieni
695 4225 1058 4325 temporationem
1135 4230 1260 4334 Usque
1292 4233 1406 4309 modo
1436 4233 1650 4313 Druantillae
1682 4250 1835 4332 quatuor
1856 4255 1918 4306 nu·

577 4362 678 4434 mos,
700 4365 824 4422 omnes
841 4333 1052 4438 argenteos,
1072 4347 1300 4426 contrastare
1323 4347 1410 4424 mihi
1430 4351 1533 4426 licuit
1559 4349 1593 4424 in
1616 4347 1798 4422 Thesauro
1830 4348 1914 4424 Cae·

581 4455 700 4549 sareo,
728 4453 981 4563 Comiturnque
1006 4463 1136 4542 Ariosii
1164 4464 1450 4559 &Nadaschdy
1473 4461 1721 4549 vindobonae.
1794 4463 1915 4565 Quar-

578 4587 650 4652 tum
673 4593 741 4666 ego
757 4578 902 4668 detexi,
925 4577 1101 4682 intuiique
1133 4581 1311 4682 praestanti
1335 4579 1468 4662 museo.
1485 4579 1581 4658 Exc·
1605 4580 1642 4654 ἀ
1671 4574 1911 4653 Reverendis-

574 4683 648 4766 nni
677 4691 788 4774 Dom·
817 4691 969 4792 Georgii
997 4691 1153 4792 lirino,
1190 4696 1363 4801 Episcopi
1393 4698 1562 4802 Quinque
1580 4689 1841 4770 -Echesseufis
1871 4694 1911 4769 in

573 4800 752 4900 Hunssaria
770 4813 1015 4906 munusue,
1043 4815 1139 4906 cujus
1160 4837 1241 4908 erga
1263 4813 1535 4908 Rempublicam
1564 4807 1774 4886 Literariam
1797 4809 1903 4885 meri·

572 4927 702 5110 ta’ffac
734 4947 815 5019 erga
846 4947 903 5000 me
935 4923 1104 5012 beneficia
1129 4921 1264 5018 majora
1289 4925 1390 5019 sunt,
1421 4944 1469 5006 ac
1491 4946 1533 5007 ut
1563 4923 1721 5007 diceudo
1753 4923 1898 5034 adsepi

569 5055 619 5132 po
646 5057 703 5112 um.
