5242 6509
916 1124 1463 1201 uvnonnun
1779 1125 1918 1239 Qu

1910 1294 2145 1346 ====

510 1404 637 1477 eram
663 1376 847 1475 omnino
872 1366 996 1471 fuisse
1021 1356 2119 1542 majores,quamnuncsunthomines'1⁸53*
2164 1510 2168 1519 ⁴

389 1503 417 1553 '
503 1531 670 1655 aperui
697 1557 827 1647 eum,
852 1529 899 1620 &
918 1524 1016 1625 vidi
1035 1530 1236 1630 cadaver
1258 1526 1461 1653 ejusdem
1491 1554 1593 1623 cum
1613 1523 1770 1622 loculo
1790 1520 1889 1618 son·
1965 1584 2015 1664 N·
2045 1522 2087 1673 δ’.

507 1681 744 1809 gitudinis‚
766 1710 904 1808 quam
926 1678 1003 1779 ubi
1022 1684 1197 1781 mensus
1215 1684 1335 1796 sum,
1362 1686 1524 1777 iterum
1548 1660 1713 1777 obrui.⁴
1767 1676 1890 1787 Haec

506 1834 592 1935 isso
619 1832 845 1937 referente
868 1862 972 1961 quae
997 1833 1205 1951 viderat,
1238 1830 1409 1934 Liches
1429 1828 1713 1932 consrderans
1737 1827 1889 1952 conje-

511 1987 659 2087 tiabat
680 1983 793 2087 hunc
812 2018 878 2085 ex
902 1986 1095 2086 oraculo
1118 1984 1207 2086 esse
1232 1985 1465 2106 Orestem,
1501 1981 1589 2082 hac
1629 1998 1761 2081 utens
1781 2007 1891 2076 con·

500 2140 701 2258 jetinra:
738 2140 857 2240 duos
884 2137 1063 2261 quidem
1085 2164 1206 2262 quos
1231 2132 1442 2234 cernebat
1475 2128 1591 2243 fabri
1624 2133 1771 2229 aerarsi
1806 2126 1892 2227 fol·

505 2284 602 2403 les,
638 2286 832 2385 totidem
865 2295 1095 2412 comperit
1109 2286 1206 2385 'esse
1243 2302 1439 2408 ventos3
1467 2280 1676 2381 incudem
1703 2308 1821 2379 vero
1844 2283 1893 2375 dc

432 2536 437 2546 ,
511 2432 756 2553 malleum,
789 2436 983 2535 formam
1021 2444 1069 2535 &
1095 2434 1256 2537 sormae
1285 2433 1692 2565 repercussionem3
1726 2431 1895 2532 ferrum

508 2610 629 2683 vero
648 2582 776 2709 quod
796 2586 1062 2711 cuderetur,
1097 2618 1266 2688 noxam
1283 2589 1595 2716 superinditam
1617 2616 1783 2707 noxae,
1806 2584 1895 2681 hac

508 2741 687 2837 ratione
716 2737 763 2837 id
797 2744 1041 2859 conjiciens
1070 2739 1197 2863 quod
1224 2744 1269 2835 in
1303 2766 1475 2836 noxam
1507 2742 1700 2839 hominis
1726 2737 1894 2837 serrum

508 2891 745 2986 inventum
773 2888 837 2985 srt.
913 2888 1035 2990 Haec
1065 2892 1219 3014 itaque
1243 2915 1347 2989 cum
1378 2889 1733 3014 conjectando,
1759 2893 1894 3018 Spar·
2052 2995 2061 3004 ,

511 3059 602 3136 tam
640 3034 863 3170 regressus
884 3069 983 3139 rem
1022 3064 1204 3141 omnem
1226 3039 1590 3141 Lacedaemoniis
1619 3043 1775 3140 refert.
1801 3039 1897 3137 :llil

507 3221 573 3291 ex
604 3192 861 3321 composrto
893 3197 939 3291 δι
980 3190 1083 3289 fisso
1122 3193 1330 3292 sermone
1359 3189 1585 3287 hominem
1618 3192 1791 3314 judicio
1818 3189 1896 3289 ad·

507 3343 770 3469 gredientes
803 3344 947 3445 exilio
972 3344 1197 3441 damnant.
1278 3345 1370 3474 Qui
1404 3338 1612 3467 Tegeam
1642 3337 1896 3470 profectus,

508 3499 556 3589 δι
587 3498 887 3595 calamitatem
916 3498 1036 3593 suam
1059 3485 1260 3589 reserens
1292 3487 1427 3591 fabro
1454 3496 1639 3611 aerario,
1669 3491 1896 3591 conduce·

507 3643 586 3739 b'at
603 3644 662 3739 ab
685 3676 744 3739 eo
765 3644 1038 3741 detrectante
1063 3641 1249 3741 elocare
1271 3648 1469 3745 cortem'
1503 3642 1676 3742 Verum
1701 3645 1896 3769 aliquan-

509 3807 564 3882 to
593 3791 696 3912 post
715 3792 792 3886 ubi
815 3794 1058 3919 persuasu,
1076 3790 1151 3913 ¹ibi
1183 3793 1369 3923 domum
1395 3793 1562 3891 habuit.
1639 3800 1714 3895 Sic
1737 3794 1899 3895 effosso

368 4008 370 4013 .
514 3931 725 4057 sepulcro
759 3938 852 4035 osia
875 3939 994 4037 colse
1028 3946 1094 4056 it,
1134 3970 1277 4065 eaque
1309 3960 1500 4070 portans
1520 3942 1727 4071 Spartam
1750 3948 1898 4049 rediit.

527 4084 637 4217 Quo
674 4114 738 4219 err
784 3972 1214 4215 temporduuoties
1259 4090 1303 4187 se
1339 4097 1535 4192 invicem
1569 4100 1753 4225 experti
1777 4096 1899 4221 sunt-3

476 4306 479 4311 ,
521 4232 660 4363 longe
684 4234 938 4365 superiores
968 4238 1331 4378 bessoexstitere
1352 4244 1756 4368 Lacedaemonii„

345 4712 349 4717 Ι
669 4592 751 4693 De
792 4598 966 4697 aversae
998 4606 1145 4728 partis
1184 4605 1377 4738 imagine
1413 4604 1625 4707 decidere
1653 4607 1899 4733 quidquam
1939 4612 1947 4621 ’

518 4768 716 4869 vereor,
742 4748 870 4875 quod
889 4758 1134 4855 maximam
1161 4776 1339 4879 partem
1359 4759 1531 4853 extrita
1553 4755 1618 4854 fit.

1586 5154 1819 5231 ...Nonou
1840 5160 1844 5171 '
