5242 6509
827 1085 1474 1182 'munos-nun
1804 1085 1881 1202 97

1900 1289 2149 1337 m

506 1301 674 1472 ratam,
702 1353 897 1482 indeque
930 1357 1137 1485 copiosas
1176 1384 1336 1455 eorum
1377 1354 1550 1486 pelles,
1588 1381 1673 1481 per
1701 1349 1881 1484 Judaeos
1929 1357 2124 1434 Tama

413 1601 414 1604 γ
506 1511 787 1661 cumprimiS,
811 1506 869 1607 ad
891 1535 978 1606 nos
1003 1507 1193 1630 deferri,
1217 1508 1425 1634 equibus
1455 1507 1680 1637 pileorum
1708 1505 1880 1602 nostro·
1934 1471 2139 1686 ΝΨὲις

504 1688 601 1777 rum
614 1687 720 1789 pars
738 1657 855 1764 hene
867 1687 1025 1786 magna
1046 1659 1207 1759 confici
1234 1661 1399 1775 soleat,
1419 1658 1604 1757 edoiius
1623 1647 1719 1754 sum
1735 1655 1793 1753 ab
1813 1651 1882 1750 lit

504 1807 566 1908 DL
556 1803 794 1960 Jenisch,
833 1811 955 1937 cujus
993 1811 1265 1911 eruditissimi
1307 1811 1411 1909 Viri
1452 1813 1703 1916 audoritati
1735 1795 1884 1936 pluri·

503 1950 629 2088 mum
660 1961 810 2061 tribuo
824 1970 938 2094 qui
961 1968 1121 2064 iterum
1150 1994 1206 2063 ac
1233 1963 1430 2094 saepius
1419 1991 1463 2060 m
1493 1991 1547 2060 ea
1576 1965 1790 2086 regione,
1818 1975 1884 2054 at·

379 2127 384 2136 '
504 2097 595 2235 que
619 2113 757 2240 ipso
744 2143 792 2210 m
824 2114 933 2212 loco
960 2117 1110 2240 Ram,
1139 2135 1299 2214 vetere
1325 2133 1374 2212 ut
1393 2113 1590 2215 diximus
1613 2117 1898 2223 viminacio

492 2247 780 2398 aliquamdiu
820 2261 1034 2368 devertit.
1122 2265 1345 2364 Poterant
1391 2255 1508 2375 vero
1551 2261 1888 2360 Viminacenses

506 2441 568 2510 eo
601 2419 787 2544 potiore
824 2415 922 2536 jure
956 2413 1167 2544 leporum
1199 2417 1366 2540 jadare
1407 2418 1590 2542 copiam
1622 2429 1698 2508 aut
1728 2413 1889 2514 excel·

502 2561 712 2689 lentiam,
745 2565 873 2692 quod
910 2563 1048 2666 effent
1075 2569 1329 2667 animalium
1363 2569 1550 2666 iliorum
1586 2593 1744 2666 carnes
1773 2577 1887 2670 anti·

500 2722 600 2842 quis
627 2698 680 2816 in
699 2719 900 2837 deliciis,
938 2717 1058 2816 unde
1090 2722 1366 2816 Graecorum
1386 2718 1498 2816 illud
1512 2697 1533 2820 τ’
1551 2693 1685 2817 analo
1708 2737 1887 2845 λαγωας

503 2871 565 2982 dt¹
582 2856 836 2972 Martialis:
873 2861 932 2974 x)

733 3097 859 3198 Inter
892 3091 1211 3228 quadrupedes
1227 3091 1380 3225 gloria
1403 3102 1549 3229 prima
1564 3016 1716 3231 lepus.

555 3510 561 3518 ,
657 3392 857 3490 Feminis
890 3393 937 3486 dr
969 3388 1061 3488 alio
1098 3394 1276 3488 nomine
1315 3387 1754 3522 commendabantur
1799 3369 1892 3520 per

435 3627 471 3693 ·
497 3542 680 3663 jocum,
707 3539 834 3670 quod
869 3569 975 3669 quae
1002 3569 1078 3641 eas
1111 3543 1325 3664 ederent,
1350 3538 1501 3642 forent
1527 3542 1697 3670 septem
1727 3541 1886 3643 diebus

498 3693 765 3820 pulcriores.
834 3693 914 3794 Eo
954 3694 1128 3795 adludit
1157 3691 1303 3812 festivi
1343 3694 1576 3797 Martialis
1605 3700 1884 3826 epigramma

500 3848 544 3986 ln
575 3845 826 3946 deformem
852 3847 1073 3950 Gelliam:
1097 3846 1167 3976 y)

576 4074 625 4172 Si
651 4076 834 4210 quando
857 4083 1064 4206 leporem
1088 4081 1197 4175 mihi
1216 4083 1383 4198 mittis,
1407 4077 1581 4200 Gellia,
1599 4076 1738 4178 dicis:

650 4231 905 4326 Formosus
928 4231 1128 4354 septem,
1146 4231 1341 4348 Marce,
1369 4225 1527 4338 diebus
1545 4235 1645 4329 erls.

515 4449 517 4454 ,
572 4378 729 4478 Sinon
750 4359 953 4500 derides5
977 4379 1008 4476 si
1033 4406 1216 4501 verum,
1241 4383 1326 4483 lux
1348 4414 1474 4508 mea,
1491 4410 1685 4506 narras,
1734 4455 1738 4460 -
1880 4454 1884 4461 -

650 4529 796 4629 Edisti
813 4563 1066 4662 nunquam,
1084 4535 1263 4662 Gellia,
1289 4555 1339 4637 tu
1354 4539 1574 4674 leporem.

534 4779 547 4790 .,
1173 4719 1178 4736 ²
1352 4780 1358 4793 ,
1681 4713 1802 4800 rum.

556 4863 607 4974 x)
635 4863 768 4972 'Epigm
792 4897 833 4954 ι..
863 4905 961 4959 xm.
1000 4907 1036 4961 ιι.
1067 4905 1165 4967 ucu⁸
1220 4885 1275 4984 y)
1306 4887 1352 4970 L.
1375 4907 1415 4988 va
1436 4911 1582 4976 mm.
1633 4996 1638 5006 Ι

1087 5067 1091 5076 ’
1181 5119 1235 5224 m
