5242 6509
699 1141 768 1274 76
1105 1164 1560 1251 aaudiat

439 1343 678 1398 ...Ε-,Ξ

455 1407 645 1596 ΤΑἺΜ
696 1428 873 1538 tamen,
906 1413 1216 1548 ampliorque,
1256 1424 1304 1520 du
1340 1419 1511 1523 collum
1540 1419 1773 1546 aliquanto
1807 1415 2001 1544 largius,
2034 1435 2082 1522 ut

480 1527 552 1720 N}
568 1585 632 1725 ἐπ’
693 1575 737 1674 in
764 1570 1270 1712 Herculisaaoropon,
1300 1607 1397 1703 quo
1424 1576 1613 1678 roboris
1633 1578 1706 1672 vis
1734 1578 1938 1674 innuitur.
1989 1577 2083 1680 Sed

564 1729 566 1732 ’
692 1730 742 1826 &
779 1730 968 1856 posticae
995 1736 1140 1857 partis
1177 1730 1423 1862 pharetra,
1459 1732 1534 1830 seu
1573 1728 1770 1832 telorum
1806 1729 1941 1831 theca
1977 1758 2082 1834 cum
2142 1732 2148 1743 ’
2223 1777 2227 1784 ·

687 1879 798 1980 loro
823 1878 1047 2010 pendulo,
1074 1883 1223 2002 eidem
1248 1879 1382 2006 *bene
1416 1889 1663 2004 convenit,
1706 1905 1908 2018 apteque
1939 1889 2082 2020 jungi·

690 2052 778 2134 tur.
853 2034 1020 2136 Erdiat
1041 2037 1166 2168 apud
1197 2025 1490 2158 Pelle'rmium
1525 2035 1576 2161 a)
1609 2042 1874 2142 Prostanna
1905 2043 2082 2140 Piidiae
2213 2047 2221 2059 ‘

686 2181 814 2288 urbis
835 2195 1080 2309 numum]
1104 2223 1199 2316 quo
1222 2183 1436 2326 bellicum
1459 2195 1573 2294 illud
1590 2199 1924 2292 instrumentum
1945 2191 2081 2290 Mars

685 2339 858 2440 dextra
883 2348 1013 2468 gerit
1055 2342 1271 2442 ·Contra
1297 2339 1500 2443 Palladis
1533 2348 1689 2471 imago
1723 2354 1829 2444 toto
1864 2343 1984 2443 caelo
2016 2341 2084 2441 di·

631 2569 653 2633 ·.
684 2491 865 2623 screpat
897 2501 942 2594 in
985 2501 1183 2597 Pontico
1224 2526 1348 2619 aere,
1384 2517 1677 2628 armaturque
1714 2500 1794 2600 tali
1825 2501 2082 2600 constanter

637 2757 650 2782 .
684 2648 842 2797 galea,
872 2648 997 2779 quali
1020 2653 1189 2783 gaudet
1210 2655 1257 2750 in
1277 2651 1565 2754 Athenarum
1602 2652 1986 2773 tetradrachmi3‚
2013 2668 2079 2749 at·

682 2834 774 2931 que
816 2804 1063 2909 identidem
1101 2835 1206 2909 cum
1230 2808 1403 2909 Perseo
1427 2804 1641 2904 Medusae
1664 2805 1923 2933 percollore
1952 2831 2079 2901 com·

682 2959 899 3078 ponitur,
945 2986 1082 3074 quem
1124 2962 1171 3046 in
1207 2955 1466 3076 perdifficili
1502 2953 1579 3046 illa
1610 2976 1774 3048 contra
1821 2959 2083 3079 Gorgonas

681 3099 987 3232 expeditione
1023 3096 1212 3198 consilio
1257 3125 1315 3198 ac
1358 3129 1453 3231 ope
1485 3101 1624 3226 juvit.
1704 3098 1758 3195 Id
1793 3129 1888 3196 non
1922 3102 2113 3224 inutile·

684 3251 822 3358 fuerit
865 3258 1121 3357 accuratius
1166 3247 1414 3376 moruile,
1449 3251 1578 3383 quod
1619 3252 1682 3356 ad
1719 3248 1840 3350 hunc
1877 3249 2083 3382 lapidem

682 3441 832 3542 nuper
876 3408 1027 3512 adhuc
1074 3439 1346 3511 nonnemo
1390 3407 1636 3511 offenderit
1679 3411 1726 3509 in
1771 3404 2079 3537 descriptione

683 3568 804 3664 numi
821 3564 1067 3698 Amasene,
1094 3561 1219 3664 urbis
1248 3566 1294 3662 in
1322 3557 1494 3665 Ponto.

867 3811 1886 4006 Mnu1rn1nsuun

719 4110 724 4130 Ι
835 4159 997 4288 Caput
1031 4150 1254 4259 muliebre
1289 4151 1496 4261 velatum
1520 4147 1574 4292 )(
1612 4183 1856 4258 Mantua
1890 4153 2077 4276 napus.

1796 4377 1916 4466 AER.
1948 4379 2022 4464 ΙΙΙ.

693 4718 697 4727 ·
787 4645 1016 4768 'Melitae
1074 4655 1204 4758 numi
1239 4655 1402 4758 Punici
1444 4651 1637 4756 necdum
1686 4654 1804 4754 certi
1844 4611 2081 4750 habemur.
2178 4674 2183 4688 ·

681 4825 852 4927 Graece
875 4841 993 4950 pene
1020 4837 1204 4944 omues,
1242 4809 1486 4952 paucillrmi
1508 4810 1646 4912 latire
1671 4805 1955 5060 loquuntur.li
1998 4802 2079 4904 Bi·

1581 4981 1588 4995 .
1956 4988 2005 5059 n·

747 5261 790 5368 a)
821 5261 913 5342 Rae·
934 5277 974 5340 ι.
999 5255 1344 5357 111.pl.cxnxv1,
1364 5279 1397 5336 n.
1421 5250 1459 5332 6.
