5242 6509
915 1114 1464 1201 uvmorrum
1777 1104 1961 1209 m9‚

507 1346 747 1496 geniofius,
778 1394 914 1489 quam
938 1369 1106 1466 verius.
1183 1354 1337 1463 Arcus
1376 1386 1469 1459 uon
1500 1353 1647 1456 minus
1678 1354 1885 1455 venatio·
1941 1349 2127 1427 Teum

509 1525 580 1640 ui,
610 1546 744 1645 quem
771 1516 946 1619 bellicis
971 1513 1115 1618 usibus
1151 1532 1301 1647 aptus·
1483 1508 1494 1529 '
2001 1470 2071 1547 Vl·

1183 1790 1216 1853 ᾖ

1072 1893 1105 1952 ξ
1292 1886 1327 1949 ὕ

510 2082 516 2105 ’
665 2102 820 2232 Caput
845 2104 977 2201 taenia
1000 2102 1277 2197 revintium:
1308 2101 1352 2193 in
1382 2121 1526 2196 area·
1553 2122 1605 2189 r.
1630 2090 1696 2219 ,Χ
1734 2122 1889 2193 muru.
1948 2096 1995 2178 N.
2030 2117 2096 2171 11·

506 2276 546 2353 ε.
568 2253 699 2379 Lyra
727 2260 846 2353 iutra
878 2276 1099 2350 coronam
1128 2246 1340 2347 lauream.
1669 2388 1700 2465 E

1631 2392 1835 2472 Ama

657 2694 813 2835 Goizii
841 2698 1024 2797 Graecia
1053 2694 1106 2807 z)
1143 2693 1328 2791 similem
1366 2694 1707 2824 complectitur,
1742 2719 1798 2791 ea
1818 2690 1887 2790 di·

505 2848 751 2965 versitate,
798 2843 924 2966 quod
965 2872 1186 2945 remmon
1231 2842 1415 2971 plenum
1455 2874 1625 2943 nomen
1669 2845 1889 2973 suggerat.

474 3038 479 3051 ¹
504 2998 740 3127 Suspectus
771 2994 920 3091 videri
946 3012 1156 3125 poterat,
1190 3011 1238 3093 ut
1275 3023 1442 3095 omnes
1470 2998 1659 3123 suspeoi
1684 2995 1781 3093 sunt
1811 3022 1891 3092 nu·

501 3151 589 3284 mi,
618 3154 696 3275 qui
718 3149 791 3245 uni
817 3145 882 3244 iili
914 3151 1086 3246 autiori
1111 3165 1431 3247 memorantur.
1511 3149 1585 3247 At
1623 3148 1775 3246 noster
1812 3174 1891 3274 ge-

501 3300 853 3425 uuinuS‚s1quis
876 3299 1017 3417 aliuS,
1047 3298 1263 3395 Goizium
1289 3295 1502 3391 absolvit.
1581 3296 1652 3391 Ita
1680 3295 1891 3391 laboran-

502 3468 598 3546 tem
630 3448 792 3548 eruditi
813 3453 913 3546 Viri
940 3448 1104 3562 iidem,
1128 3472 1232 3568 quae
1262 3440 1525 3541 inexhausta
1552 3460 1690 3542 terrae
1713 3444 1891 3543 viscere

486 3600 709 3723 'quotidie
730 3598 1017 3725 suppeditant
1041 3595 1253 3725 probatae
1276 3596 1556 3720 antIquitatis
1581 3612 1888 3715 monumenta,

497 3754 641 3881 magis
665 3752 897 3879 magisque
922 3746 1244 3849 corroborant.
1323 3745 1554 3875 Stephano
1574 3751 1698 3873 Byz.
1719 3748 1890 3879 gentile
2048 3790 2059 3807 ·

499 3896 718 3992 formatur
742 3930 946 4020 κςαναεις.
1023 3900 1207 4004 Rectius
1224 3930 1382 4025 reguum
1407 3898 1675 4025 Thucydidi
1699 3906 1746 3999 δι
1767 3904 1893 3999 Stra·

501 4042 636 4171 boni,
668 4044 933 4169 quibuscum
969 4045 1081 4142 facit
1113 4078 1355 4146 rumorum
1392 4057 1645 4152 auctoritas.
1719 4051 1891 4149 Antica

498 4214 633 4328 purte
653 4194 845 4295 heroem
870 4203 1030 4328 potius
1055 4198 1253 4325 aliquem
1281 4202 1508 4329 agnosco,
1542 4230 1676 4328 quam
1700 4200 1890 4335 Apolli·

500 4374 613 4445 uem.
688 4348 861 4473 Neque
897 4357 993 4449 oris
1035 4348 1300 4454 lineamenta
1335 4353 1531 4456 deorum
1564 4359 1762 4456 omniurn
1796 4355 1888 4456 ele·

506 4498 756 4624 gantiffimo
786 4502 1029 4628 addicunt,
1053 4534 1198 4636 reque
1220 4507 1354 4611 lauro
1371 4511 1519 4612 crines
1545 4513 1739 4607 coerciti
1763 4508 1889 4641 suut,

1657 4752 1663 4759 .
1731 4656 1811 4757 scd
1873 4648 1881 4662 ’

556 4996 873 5103 nmmum

1178 5120 1280 5223 Dd
