5242 6509
722 1072 830 1173 w4
1175 1066 1642 1148 manacta

494 1330 678 1405 Taum
871 1311 993 1437 Ejus
1028 1314 1179 1419 insulae
1190 1392 1205 1443 ‚
1226 1312 1352 1417 adeo.
1384 1317 1543 1449 priscis
1566 1308 1853 1440 temporibus
1879 1304 2101 1431 celebris,

548 1438 587 1525 Υ
591 1443 622 1525 ¹·
713 1495 912 1595 quaeque
946 1463 1197 1595 hpdiedum
1224 1455 1443 1572 Literatis
1468 1489 1567 1571 tam
1604 1493 1713 1567 cara
1738 1463 1828 1565 eise
1850 1462 2020 1584 debet,
2049 1492 2116 1609 ac¹
2174 1598 2177 1605 Ι

684 1736 687 1756 Ι
714 1618 799 1720 fuit
820 1618 1054 1748 quondam
1071 1620 1311 1751 Ulyffi,ob
1335 1623 1455 1724 hanc
1480 1629 1593 1725 tanti
1614 1623 1811 1721 nominis
1834 1622 2007 1737 virum,
2032 1646 2104 1716 ar·

685 1762 978 1899 xgumentum
1009 1772 1227 1902 Odyffeae
1248 1775 1427 1898 nobile,
1445 1780 1542 1901 ejus
1566 1782 1746 1901 inquam
1764 1770 1919 1871 insulae
1948 1799 2104 1871 mone·

714 1944 809 2023 tam
831 1925 987 2048 iniquo
1011 1924 1108 2022 fato
1126 1927 1187 2025 ad
1210 1924 1310 2027 haec
1331 1928 1470 2055 usque
1502 1948 1720 2057 tempora
1740 1926 1873 2028 nobis
1905 1945 2016 2026 aetas
2045 1929 2107 2028 in·

714 2076 861 2192 vidit,
879 2076 1001 2175 adeo
1023 2094 1072 2175 ut
1091 2069 1330 2182 rumorum
1356 2113 1487 2213 paene
1504 2100 1597 2183 tam
1619 2081 1776 2182 sterilis
1800 2077 1950 2197 fuisse,
1966 2108 2103 2202 quam

714 2254 941 2353 equorum
962 2226 1297 2354 herbarumque
1324 2237 1572 2331 videretur.
1652 2226 1827 2363 Quidni
1860 2222 2101 2353 Apollini,

714 2378 954 2501 Mufisque
997 2379 1205 2480 omnibus
1255 2378 1578 2481 Hecatomben
1622 2396 1779 2504 gratus
1827 2376 2107 2492 sacrificem,

713 2556 902 2655 quarum
929 2529 1199 2660 indulgentia
1224 2536 1422 2634 omnium
1446 2530 1556 2632 mihi
1582 2539 1733 2663 primo
1763 2537 1956 2662 primam
1987 2524 2107 2629 Itha-

712 2708 784 2781 cae
821 2700 1052 2787 monetam
1081 2690 1129 2784 δι
1159 2682 1350 2785 nancisci
1386 2685 1544 2805 licuit,
1568 2690 1615 2781 δι
1646 2684 1830 2785 erudito
1858 2680 1963 2783 orbi
1983 2678 2111 2780 cnm.-

714 2842 976 2954 municare?
1007 2836 1088 2939 En
1119 2844 1274 2969 itaque
1306 2842 1673 2972 integerrimam,
1709 2866 1770 2939 ac
1810 2837 1957 2941 multo
1981 2834 2106 2935 senio

712 2990 931 3106 gravem!

618 3402 627 3424 ‚
865 3282 1022 3415 Caput
1060 3278 1235 3414 Uiyiiis
1268 3280 1536 3409 barbatum,
1564 3290 1613 3385 δι
1645 3282 1773 3418 pileo
1810 3306 2105 3424 coopertum.

710 3435 765 3569 )(
803 3470 1007 3537 manen.
1040 3436 1206 3538 Gallus
1224 3441 1525 3567 gallinaceus:
1555 3446 1601 3537 in
1622 3470 1731 3544 area
1758 3444 1882 3576 figla

1821 3681 1944 3762 AER.
1976 3684 2049 3765 111.

868 3964 1049 4099 Primus
1061 3957 1134 4065 hic
1158 3962 1249 4087 est,
1274 3981 1324 4065 ut
1341 3960 1652 4096 praediximus,
1663 3980 1804 4092 atque
1824 3966 1982 4065 unicus
1999 3954 2118 4065 Itha-

711 4152 782 4223 cae
803 4102 997 4239 namna,
1020 4125 1098 4245 qui
1121 4116 1296 4220 adhoc
1332 4125 1555 4252 temporis
1588 4120 1817 4249 prodivit„
1895 4116 2114 4221 Praestm-

714 4278 823 4367 tiam
857 4300 996 4393 auget
1029 4272 1205 4400 Ulyffis
1232 4279 1387 4401 imago
1399 4347 1416 4392 ,
1438 4272 1639 4367 nondum
1664 4277 1791 4390 visa,
1814 4270 1848 4366 sr
1875 4278 1997 4371 reiie
2021 4302 2115 4371 me·

713 4421 854 4540 mini,
887 4422 930 4515 in
959 4414 1127 4517 Graeca
1159 4430 1382 4551 pecunia,
1418 4418 1594 4525 tametfi
1620 4424 1786 4549 praesto
1821 4417 1962 4523 effert
1989 4454 2115 4557 gern-

714 4602 833 4694 mae,
860 4566 1124 4704 anaglypha
1149 4601 1412 4699 marmora,
1449 4592 1733 4703 veteresque
1766 4584 1979 4715 pinara,
2009 4612 2115 4709 quae

506 4766 509 4771 ·
713 4724 909 4853 vultum·
931 4728 981 4822 &
1018 4728 1146 4826 varia
1186 4725 1283 4850 ejus
1319 4728 1414 4830 fata
1437 4726 1701 4863 {liberaliter
1735 4730 1968 4834 offerrent.
2048 4739 2116 4838 Si-

719 4907 857 5005 gnum
881 4868 1059 5005 Ulyffis
1086 4875 1492 4986 characteristicum
1521 4880 1670 5013 pileus
1710 4884 1774 4984 est
1810 4882 2111 5021 hemisphaeri-

1927 5070 2038 5156 cus,
