5242 6509
731 1087 915 1162 100.
1195 1075 1661 1163 GRAEOIA

465 1275 704 1424 ff
718 1329 922 1452 cursum,
955 1329 1296 1464 provinciaeque
1321 1331 1467 1432 Persis
1490 1337 1655 1432 iterum
1682 1329 1903 1457 ademtae3
1929 1344 2110 1462 verum·

521 1449 635 1640 ἒξ
718 1513 812 1612 pax
841 1483 995 1583 denuo
1024 1515 1129 1586 curn
1164 1487 1323 1587 iisdem
1360 1484 1571 1584 celeriter
1599 1486 1774 1586 coaluit
1802 1483 2093 1616 promlffione

567 1620 575 1640 ’
637 1619 649 1644 ’
714 1634 829 1734 satta
856 1637 1113 1738 restituendi
1140 1640 1416 1766 provincias.
1496 1635 1963 1751 Ceterum-Victoriae
1992 1663 2093 1760 gra·

714 1785 879 1885 dientis
900 1793 1052 1917 imago
1086 1817 1198 1886 nunc
1237 1794 1391 1919 primo
1429 1808 1668 1918 comparet
1695 1795 1741 1890 in
1770 1817 1863 1888 aere
1893 1790 2093 1888 Vimina-

713 1941 805 2051 cii,
858 1937 939 2038 De
972 1930 1394 2074 'circumscriptione
1431 1945 1595 2072 capitis
1636 1939 1698 2043 ad
1748 1937 2090 2074 praecedentem
2158 1956 2160 1959 ’
2203 2065 2211 2086 ⁸

709 2117 892 2190 numum
929 2090 1134 2190 diximus.

1386 2391 1419 2449 ᾗ

1278 2481 1311 2546 ²}
1494 2483 1527 2550 ᾖ

790 2707 1296 2806 ··‘ru11.1rrvs.nvo.
1366 2693 1524 2828 Caput
1549 2701 1647 2824 ejus
1668 2700 1929 2805 laureatum.
1967 2693 2018 2836 )(
2049 2732 2090 2799 ι».

719 2895 777 2960 m.
803 2891 904 2959 s...
930 2895 990 2960 m.
1017 2891 1104 2958 nm.
1121 2883 1199 2958 vr.
1238 2856 1409 2978 Figura
1441 2851 1656 2976 paludata
1696 2856 1813 2954 inter
1839 2854 2014 2950 bovem
2044 2860 2093 2948 δι

715 3007 898 3102 leonem
927 3006 972 3103 d.
1007 2999 1193 3125 globum
1222 2996 1424 3110 sustinet,
1444 3001 1519 3094 cui
1545 2999 1742 3097 Vitioria
1760 3005 1937 3121 insistit,
1963 3039 2001 3102 s.
2017 3001 2095 3101 ha·

719 3155 828 3256 iiam
862 3151 1168 3288 praepssatam.
2083 3245 2088 3252 .

1857 3299 1975 3384 AER.
2004 3301 2036 3387 Ι.

865 3576 1043 3673 Narrat
1063 3570 1273 3672 Zosrmus
1310 3567 1362 3686 a)
1394 3567 1657 3700 Philippum
1685 3589 1848 3668 contra
1880 3569 2092 3701 Carpos.
2145 3640 2147 3643 -

712 3729 947 3829 Sarmatiae
968 3722 1204 3850 Europeae
1234 3721 1461 3850 populos,
1480 3723 1826 3854 expeditionem
1844 3721 2091 3854 suscepisse,
2271 3725 2275 3732 ’

710 3884 789 4004 qui
816 3877 911 3999 jam
944 3876 1060 4008 Isiro
1095 3877 1249 3987 vicina
1286 3874 1397 3975 loca
1433 3874 1848 4008 depopulabantur.
1923 3870 2096 3973 Praeiio

714 4027 926 4127 conserto
964 4042 1071 4122 cutm
1108 4027 1442 4166 impressionem
1469 4028 1650 4129 barbari
1680 4059 1775 4126 non
1807 4029 2095 4144 sustinerent,

710 4187 757 4277 in
789 4177 939 4306 fugam
963 4178 1060 4274 sunt
1082 4177 1270 4302 conjetli
1291 4209 1348 4275 ac
1368 4180 1635 4306 propulsati.
1717 4183 1837 4274 Earn
1859 4184 2093 4272 vitiorium

715 4346 847 4460 putat
874 4328 915 4424 F
916 4325 1151 4466 roelichius
1180 4323 1240 4462 b)
1279 4323 1372 4424 hoc
1403 4355 1541 4424 numo
1576 4325 1906 4423 viminacenses
1943 4341 2108 4454 gratu·

714 4480 799 4581 lari
828 4483 877 4579 &
903 4477 1144 4607 Philippo,
1178 4477 1450 4598 cribraret,
1486 4477 1649 4604 quibus
1678 4475 1819 4577 infesti
1837 4473 1985 4608 Carpi
1999 4477 2094 4601 jam

710 4635 893 4764 jamque
926 4631 1227 4736 imminebant.
1305 4631 1398 4732 Sed
1420 4629 1538 4733 hanc
1567 4633 1988 4766 interpretationem
2011 4659 2094 4727 ex·

1241 4777 1244 4784 ’
1525 4797 1528 4801 ’
1923 4782 2019 4887 clu·

772 5132 815 5240 a)
844 5131 925 5214 Lib.
947 5156 985 5213 1.
1006 5134 1092 5238 Cup.
1112 5159 1177 5218 xx.
1234 5131 1282 5243 b)
1316 5146 1425 5250 Quat
1434 5135 1552 5221 Tent.
1567 5163 1602 5241 p.
1624 5158 1720 5240 129.
