5242 6509
1039 1141 1431 1214 aranuh.
1823 1111 1891 1210 61

508 1393 713 1496 maxime
737 1418 826 1524 pro
861 1391 1095 1521 Syraculis
1129 1390 1329 1494 militant.
1399 1389 1520 1524 Jove
1549 1379 1659 1488 nihil
1685 1381 1904 1531 frequen·¹

507 1553 596 1646 tius
619 1549 667 1647 'in
695 1577 853 1665 earum
877 1577 991 1671 aere,
1026 1553 1075 1646 δι
1099 1553 1263 1647 merito
1275 1578 1290 1670 ;
1315 1543 1557 1676 magnifico
1587 1549 1760 1672 quippe
1775 1544 1892 1640 ‘teni-

506 1699 589 1832 plo
618 1707 670 1800 in·
702 1702 963 1826 Acradina,
991 1701 1253 1805 nobilissima
1284 1718 1417 1830 parte
1449 1692 1608 1820 urbis,
1635 1693 1695 1796 ab
1717 1697 1900 1797 Hiero·

1915 1320 2166 1374 Q

1910 1411 1914 1418 ·
1945 1381 2137 1467 Tama

504 1883 565 1955 ne
591 1857 777 1987 Juniote
806 1856 1005 1959 donatus
1043 1855 1137 1958 fuit.
1214 1859 1353 1959 Stetit
1390 1877 1536 1986 porro
1569 1869 1693 1950 trans
1730 1848 1898 1950 flumen
1992 1943 1998 1954 ,
2190 1975 2196 1989 ’

510 2007 732 2138 Anapum
761 2043 925 2144 prope
962 2012 1211 2138 Syracusas
1253 2007 1556 2140 oppidulum,
1616 2007 1692 2104 cul
1728 2033 1897 2104 nomen

509 2159 839 2291 Olympicum,
874 2192 903 2264 a
930 2162 1106 2292 templo
1124 2165 1259 2294 Jovis
1284 2165 1530 2290 Olympii,
1567 2159 1696 2279 euJus
1726 2163 1897 2254 nendo

514 2343 543 2411 a
573 2313 885 2442 Thucydide,
919 2315 1170 2434 Diodoro,
1195 2312 1474 2432 Plutarcho,
1508 2311 1681 2428 nuto,
1710 2305 1898 2432 aliisque

509 2461 633 2569 falla.
711 2467 903 2567 Constat
936 2487 1163 2598 praeterea
1194 2467 1383 2568 statuam
1405 2493 1597 2576 „auream
1633 2458 1893 2590 acivibu3‚

505 2620 666 2734 eversa
698 2621 971 2748 tyrannide,
1007 2621 1307 2748 libertateque
1345 2622 1572 2738 restituta,
1612 2618 1736 2750 Jovi·
1751 2615 1892 2716 Eleu-

504 2769 659 2874 therio
695 2777 771 2872 seu
797 2773 1061 2869 Liberatori
1087 2771 1214 2864 fuilie
1242 2771 1516 2867 dedicatam.

526 3127 528 3132 -
662 3072 785 3209 Quid
811 3068 963 3171 sontes
986 3067 1272 3174 memorem?
1292 3072 1402 3172 Hos
1420 3077 1498 3200 qui
1523 3073 1754 3233 Synacrffis
1770 3107 1894 3205 quae·

500 3229 673 3348 rit,nae
697 3231 803 3326 isin
832 3227 985 3326 medio
1008 3232 1127 3326 mari-
1141 3245 1316 3356 quaerat
1343 3224 1497 3327 undae.
1576 3229 1667 3328 Cui
1685 3249 1894 3333 veterum

502 3408 593 3478 non
627 3381 743 3481 dida
777 3379 1039 3504 Arethusa,
1071 3382 1199 3507 cujus
1232 3378 1462 3494 belliffima
1495 3377 1692 3507 effigies,
1710 3399 1899 3479 nomen·

501 3563 597 3658 que
637 3537 875 3637 nunnoni
909 3540 1186 3665 proponitur
1220 3539 1262 3634 in
1301 3531 1498 3662 eleganti
1536 3532 1780 3662 syracuno
1822 3564 1897 3636 nu·

497 3715 578 3786 mo
621 3687 744 3818 apud
788 3690 910 3790 Exc.
959 3691 1216 3820 Principem
1253 3687 1650 3788 Tortemuzzaml
1689 3682 1748 3822 a)
1781 3693 1895 3827 Quis

499 3839 697 3964 Cyanen
747 3847 941 3974 ignorat
977 3842 1287 3972 profunditate
1351 3839 1621 3960 celebrem,
1679 3840 1896 3991 illustrem

504 3987 665 4086 Ovidii
702 3997 743 4087 du
792 3991 1032 4092 Claudiani
1066 3993 1378 4094 carminibus?
1424 3992 1494 4090 At
1540 3992 1650 4089 nihil
1687 3993 1895 4096 illustrius

501 4139 637 4237 Plinii
661 4141 781 4240 loco
798 4141 869 4268 y)
908 4142 984 4242 ubi
1025 4149 1285 4275 praecipuas
1324 4140 1445 4242 urbis
1493 4169 1633 4270 aquae
1649 4147 1728 4258 ‚ita
1772 4142 1896 4245 com
2059 4162 2062 4166 ’

500 4290 728 4420 plectitur:
769 4367 801 4414 „
829 4299 1069 4422 Syracusae
1107 4325 1209 4394 cum
1246 4287 1375 4395 fonte
1408 4295 1645 4397 Arethuh.
1727 4303 1894 4437 Quam·
1935 4373 1939 4380 -

500 4471 636 4568 quam
668 4451 716 4543 du
744 4447 1025 4572 Temenitis,
1061 4454 1109 4548 dt
1136 4447 1465 4573 Archidemia,
1484 4527 1488 4534 .
1506 4455 1555 4549 dt
1592 4453 1811 4582 -Magaea,
1844 4461 1894 4554 dc
1934 4455 1943 4468 ’

499 4595 690 4723 Cyane,
721 4604 768 4700 dr
811 4600 1043 4706 Milichie
1067 4601 1223 4705 fontes
1261 4610 1307 4704 in
1348 4604 1638 4734 Syracusano
1675 4627 1892 4737 potantur

502 4775 681 4875 agro„
761 4755 837 4854 En
869 4762 1088 4914 integram
1114 4759 1167 4860 N
1169 4755 1448 5008 yimpharum
1484 4778 1736 4938 catervam.
1785 4760 1891 4863 Ad.

552 5215 605 5325 x)
633 5229 724 5322 Age.
748 5240 796 5304 rr.
822 5245 860 5306 a.
889 5245 953 5306 ru.
973 5247 1007 5304 n.
1028 5247 1120 5310 xxr.
1163 5220 1226 5340 y)
1257 5229 1454 5321 Liberat.
1473 5235 1572 5318 Seth.
1592 5259 1686 5321 nav.
