5242 6509
996 1117 1441 1206 ,srnnrth
1833 1119 1901 1228 33

671 1371 820 1470 Erant
866 1367 1011 1488 Locri
1050 1367 1096 1462 in
1142 1361 1303 1464 ltalia:
1359 1380 1487 1463 erant
1534 1369 1583 1464 δι
1620 1371 1663 1468 in
1703 1368 1901 1489 Graecia.

519 1527 585 1628 Hi
621 1519 880 1648 Parnassum
915 1537 1119 1616 montem
1157 1524 1365 1642 utrinque
1397 1515 1695 1639 accolebant,
1726 1503 1905 1616 divide·

517 1677 764 1801 banturque
799 1681 846 1774 in
887 1671 1086 1789 (holos,
1136 1664 1507 1800 Epicnemidios,
1547 1657 1612 1768 'ac
1650 1670 1904 1799 Opuntios.

513 1833 665 1946 Sunt,
710 1834 775 1928 uti
810 1825 978 1928 Plinius
1023 1824 1219 1949 aliique,
1267 1824 1345 1946 qui
1386 1807 1730 1944 Epicnemidios
1763 1839 1904 1946 atque

516 1981 752 2108 Opuntius
788 1977 981 2076 eosdem
1006 1979 1222 2091 statuant,
1260 1978 1309 2069 dr
1352 1965 1519 2076 strabo
1558 1975 1684 2102 ipse,
1725 1979 1803 2100 qui
1837 1977 1904 2070 in·

191 2181 203 2212 ν
374 2133 376 2138 ’
515 2147 588 2228 ter
619 2129 837 2258 utrosque
872 2126 1115 2255 distinguit,
1142 2113 1298 2240 urbem
1329 2147 1503 2219 orsum
1528 2122 1634 2218 ahbi
1678 2127 1906 2220 constituit

514 2313 595 2378 των
623 2269 910 2413 nnrnmprdrur
943 2273 1251 2401 metropolim.
1332 2266 1415 2370 Ab
1445 2269 1687 2419 Opuntiis,
1724 2292 1804 2371 aut
1840 2269 1907 2367 so·

521 2429 715 2531 cundum
758 2432 905 2550 aiios,
933 2427 992 2529 ab
1036 2425 1200 2526 Ozolis
1238 2449 1393 2557 genus·
1419 2420 1648 2522 ducebant
1680 2429 1827 2525 Locri
1858 2427 1905 2561 in

512 2585 707 2684 Bruttiis
746 2582 910 2702 Italiae,
945 2578 1249 2714 Epizephyrii
1275 2580 1485 2676 vocatia
1514 2573 1757 2706 Zephyrio
1774 2606 1901 2704 pro·

512 2743 764 2834 montorio.
839 2734 1030 2854 Horum
1068 2735 1269 2816 omnium
1300 2743 1509 2815 monetas
1540 2727 1791 2820 discernere
1833 2749 1911 2821 ar·

517 2887 660 2980 duum
696 2883 772 2972 eit.
848 2873 1011 2972 De'iis
1041 2897 1132 2964 non
1161 2867 1355 2991 loquor,
1380 2896 1484 2991 quae
1511 2875 1679 2968 nomini
1710 2903 1908 2974 nonnos

516 3047 596 3129 aut
628 3025 786 3120 literas
816 3053 882 3120 011
912 3023 958 3116 in
993 3013 1190 3142 formam
1215 3025 1616 3148 monogrammatis
1641 3050 1725 3153 per
1749 3009 1904 3128 aream

511 3175 728 3302 jungunt,
764 3189 843 3272 aut
883 3167 1130 3301 globulos3
1170 3199 1271 3270 nam
1304 3169 1389 3271 has
1430 3169 1491 3270 ad
1529 3173 1902 3302 Epizephyrios,

502 3323 577 3452 xnti
613 3324 847 3454 Opuntius
877 3323 981 3422 illas
1011 3324 1235 3450 spectare,
1264 3341 1555 3448 compertum
1585 3323 1790 3422 habetur.
1829 3332 1904 3425 At

334 3529 337 3537 ·
491 3485 620 3604 ¹quae
646 3473 1006 3576 characteribus
1031 3471 1104 3572 his
1126 3480 1249 3576 notis
1275 3470 1596 3596 destituuntur,
1621 3475 1740 3605 saepe
1760 3474 1904 3576 Oedi·

513 3655 627 3760 pum
664 3633 908 3755 requirunt.
1005 3631 1119 3728 Non
1159 3628 1315 3729 desunt
1358 3647 1544 3746 tamen,
1590 3657 1782 3755 quarum
1821 3659 1902 3759 pa·

476 3917 481 3922 ,
513 3786 700 3884 triane
729 3787 859 3913 typis
900 3784 1004 3884 satis
1030 3799 1161 3880 certo
1192 3779 1389 3884 definias.
1493 3782 1568 3880 Sic
1609 3782 1779 3880 Locris
1813 3782 1903 3881 Ita·

515 3929 617 4026 licis
654 3949 759 4026 tuto
790 3925 898 4033 li'cet
935 3932 1215 4053 adscribere,
1272 3933 1435 4057 quibus
1475 3961 1563 4030 una
1603 3951 1737 4059 parte
1771 3935 1905 4063 Jovis

1927 1350 2155 1451 ’Τῇῐῖιῖ

2014 1489 2068 1573 ιιό
2122 1514 2175 1596 χ

501 4098 680 4210 caput,
711 4076 855 4179 altera
878 4079 1068 4197 fulmen,
1103 4098 1179 4178 aut
1204 4081 1354 4204 aquila
1383 4106 1468 4178 ceu
1496 4078 1624 4202 sola,
1659 4082 1906 4210 οευ·1εροι
1934 4097 1939 4104 ·

508 4259 614 4334 rem
645 4231 889 4360 depascens
919 4230 1119 4331 inhaeret.
1196 4233 1318 4333 Haec
1341 4237 1459 4335 enim
1486 4229 1603 4362 signa
1631 4236 1817 4363 prorsus
1834 4265 1900 4336 ex

513 4382 659 4481 Italiae
695 4389 744 4480 &
776 4387 941 4486 Siciliae
974 4390 1153 4512 ingenio
1195 4385 1305 4486 sunt.
1382 4383 1468 4486 Ab
1500 4386 1662 4486 iisdem
1700 4386 1900 4516 fignatos

514 4534 802 4636 arbitror&
845 4567 930 4639 eos
966 4568 1160 4660 numos,
1204 4544 1280 4668 qui
1319 4537 1413 4684 hic
1431 4526 1656 4671 galeatum
1699 4537 1900 4640 Palladis
1979 4639 1987 4650 ,

524 4707 690 4816 caput,
725 4687 818 4792 illic
846 4709 1015 4822 praeter
1054 4692 1176 4795 urbis
1208 4723 1379 4795 nomen
1411 4691 1505 4786 duo
1537 4716 1710 4784 cornua
1743 4673 1898 4820 copiae

429 4877 434 4888 ·
516 4863 619 4934 cum
653 4843 773 4940 astro
801 4843 1037 4940 exhibent.
1111 4841 1294 4938 Eadem
1325 4843 1500 4968 quippe
1542 4836 1752 4967 symbola
1787 4841 1903 4940 vici-

514 5016 585 5150 nn¹
604 4993 776 5096 Locris
809 4989 1022 5098 valentia
1049 4987 1305 5126 adoptavit.
1345 5057 1350 5064 ·
1381 4987 1474 5097 Sed
1510 4990 1620 5122 quid
1642 4987 1781 5095 facias
1804 4985 1903 5094 Lo

1243 5143 1290 5250 Ε
1723 5169 1830 5246 cno-
1957 5262 1959 5265 ,
