5242 6509
722 1083 822 1194 m8
1172 1099 1636 1189 carrera

457 1301 701 1358 Μ’

479 1368 661 1446 Tauria

551 1483 597 1567 V.

461 1599 674 1694 N·9a&12

865 1350 946 1455 Ad
971 1381 1152 1454 numum
1173 1381 1402 1486 propero,
1423 1355 1696 1486 postremum
1723 1353 1858 1474 loco,
1880 1355 2087 1483 praestan·

712 1513 774 1609 tia
814 1505 945 1613 facile
981 1514 1240 1643 principem.
1319 1509 1597 1614 Anecdotus
1633 1511 1814 1640 quidem
1847 1529 1978 1611 certo
2005 1512 2084 1615 est.

679 1661 867 1793 'Caput
888 1672 983 1786 rei,
1014 1697 1102 1764 nos
1130 1694 1189 1761 eo
1225 1658 1399 1768 discere
1429 1668 1668 1793 magistro,
1703 1697 1800 1793 quo
1837 1668 1957 1767 numi
1980 1691 2089 1792 per:

706 1821 875 1917 tineam
900 1849 1003 1915 cum
1035 1817 1194 1916 iisdem
1220 1817 1429 1939 utrinque
1456 1824 1611 1946 typis,
1638 1848 1693 1916 ac
1720 1815 2082 1950 epigraphem,
2124 1867 2137 1900 ·

701 2000 818 2069 nuuc
850 1995 991 2093 usque
1019 1973 1166 2096 patria
1199 1985 1439 2089 extorrem
1467 1971 1527 2069 de
1545 1970 1708 2098 quibus
1725 2005 1840 2073 mox
1859 1969 2084 2101 copiosius

699 2149 895 2254 agemus.
971 2117 1084 2218 Inde
1119 2122 1286 2226 summa
1325 2121 1422 2243 ejus
1459 2127 1837 2244 commendatio,
1865 2129 2081 2248 pretium·¹

695 2307 787 2401 que
814 2277 991 2370 minime
1010 2267 1214 2396 vulgare.
1292 2269 1374 2363 Ab
1396 2270 1639 2400 ‘Iffensrbus
1664 2304 1777 2406 uero
1801 2273 1977 2387 flatum,
1997 2300 2074 2367 ne·

678 2459 775 2530 mo
795 2426 875 2526 ibit
900 2423 1081 2522 inficias.
1158 2415 1358 2552 Suadent
1390 2419 1539 2529 literae
1575 2456 1652 2545 ιε,
1688 2424 1850 2552 quibus
1887 2422 1990 2522 dieii
2016 2427 2098 2518 ira-.-

693 2581 831 2684 sulani
863 2582 1097 2709 pecuniam
1132 2575 1256 2684 suam
1274 2572 1335 2671 de
1366 2571 1497 2672 more
1528 2576 1785 2697 notabant,
1828 2595 1924 2674 tum
1955 2602 2077 2670 vero
2221 2685 2236 2714 ἑ
2361 2715 2366 2724 ·
2426 2552 2427 2591 ¹

695 2743 934 2838 authoritas
958 2733 1083 2832 Rev.
1107 2729 1249 2827 Dom.
1268 2729 1453 2847 Fortia,
1486 2724 1565 2851 qui
1596 2729 1841 2858 amphoras
1878 2728 1971 2857 ipse
2007 2732 2079 2823 vi·

695 2891 763 2983 dit
802 2897 847 2982 in
882 2895 1042 2984 eorum
1084 2887 1288 2981 monetis.
1371 2874 1448 2973 Et*
1471 2899 1573 2989 erat
1602 2886 1822 3000 omnino,
1867 2907 1949 2982 cur
1982 2877 2081 2977 dio·

695 3057 788 3130 tam
813 3039 858 3124 in
879 3055 971 3122 aere
998 3028 1215 3159 fingerent
1239 3022 1471 3118 Adriatici
1504 3033 1641 3119 maris
1666 3037 1912 3127 monetarii
1987 3031 2081 3130 Pii·

624 3287 626 3292 ,
695 3191 791 3289 nius
825 3178 873 3300 c>
902 3195 998 3306 quo
1021 3171 1132 3271 loco
1170 3173 1382 3270 varia&
1415 3173 1730 3298 praestantiora
1764 3178 1974 3274 vasorum
2000 3214 2080 3307 ge-

697 3369 804 3444 nera
849 3349 1127 3450 enumerat,
1212 3319 1421 3457 expresse
1477 3328 1772 3429 commendat
1815 3329 2078 3430 Adriatico.

697 3570 728 3614 ,‚
746 3491 961 3584 Adrianis
1006 3484 1205 3574 firmitas.
1226 3549 1255 3592 ,‚
1314 3482 1500 3572 Horum
1534 3509 1742 3603 magnam
1780 3489 1877 3580 vim
1915 3481 2078 3583 inlisa

694 3627 957 3733 fabricatam
992 3623 1137 3740 fuisse,
1163 3627 1227 3717 uti
1244 3625 1338 3745 jam
1366 3651 1431 3718 ex
1460 3653 1521 3720 eo
1552 3630 1809 3722 verosimile
1834 3632 1910 3746 fit,
1940 3631 2071 3754 quod

696 3787 798 3888 haec
818 3782 1014 3881 omnium
1043 3775 1297 3876 Adriaticae
1329 3801 1427 3873 orae
1458 3776 1697 3875 insularum
1719 3784 1887 3908 primas
1922 3799 2074 3880 tenue

696 3949 755 4044 rit
773 3974 792 4038 .:
830 3943 893 4037 ita
927 3951 1102 4032 certam
1133 3925 1268 4026 fidem
1291 3924 1400 4025 facit
1424 3927 1497 4026 Cl.
1534 3935 1695 4029 Fortis
1728 3927 1788 4063 d)
1836 3960 1930 4055 quo
1961 3931 2075 4030 teste

698 4094 948 4196 hodiedum
984 4090 1165 4209 antiqua
1198 4076 1366 4177 ibidem
1400 4079 1510 4177 vasa
1545 4099 1786 4199 eruuntur,
1825 4081 1975 4179 sumita
2002 4089 2077 4202 iis,

695 4273 799 4369 quae
832 4243 976 4362 vulgo
1023 4234 1218 4337 Etrusca
1251 4231 1450 4328 dicimus.
1543 4229 1665 4330 Erat
1706 4239 1910 4330 obnirum
1943 4235 2075 4332 vaso·
2187 4360 2191 4368 .
2278 4273 2290 4288 ·

696 4423 795 4494 rum
820 4387 1074 4520 figliuorum
1101 4391 1324 4480 maximus
1347 4379 1470 4509 apud
1507 4400 1690 4481 veteres
1727 4384 1826 4482 usus
1855 4389 1901 4481 in
1938 4385 2075 4486 sacris

698 4580 850 4679 aeque,
883 4571 939 4644 ac
963 4547 1007 4645 in
1030 4532 1261 4668 profanis3
1314 4532 1430 4634 unde
1456 4524 1718 4665 frequentes
1750 4566 1910 4640 eorum
1932 4538 2077 4638 offici·

1904 4719 2003 4812 nae,

769 5012 806 5120 c)
838 5034 879 5092 u.
900 5035 1015 5093 xxxv.
1034 5005 1133 5093 sea.
1153 4961 1290 5095 atum.⁴
1329 5008 1374 5123 A)
1401 5033 1440 5110 ι,
1461 5035 1494 5101 c.
1513 5038 1548 5116 p.
1563 5009 1664 5124 ros.
