5242 6509
724 1127 796 1226 μ
1188 1129 1591 1202 trucum

468 1337 698 1468 Τινῖῗ
719 1394 904 1468 crorum
935 1375 1106 1496 partim
1144 1375 1402 1502 argenteis,
1440 1377 1604 1504 partim
1639 1371 1771 1471 aereis
1804 1365 1893 1468 illis
1925 1380 2068 1472 numis
2082 1453 2117 1498 ‚„
2295 1438 2299 1447 -

553 1509 605 1592 ¹¹·
720 1523 799 1644 qui
829 1518 1063 1618 Palladem
1083 1526 1392 1657 Pegasumque
1429 1524 1699 1654 praeferunt,
1744 1518 1966 1622 manifesta
2004 1511 2101 1625 Co

720 1666 896 1769 rinthiae
930 1677 1117 1796 originis
1147 1679 1333 1792 indicia,
1363 1679 1616 1799 cujusmodi
1641 1675 1718 1782 hic
1744 1673 1833 1791 est,
1869 1703 2004 1797 quem
2034 1677 2100 1773 iu·

693 1911 700 1920 .
721 1845 806 1950 pra
830 1816 1152 1950 descripsimus.
1202 1821 1282 1938 ud
1298 1822 1481 1950 quidem
1498 1855 1616 1928 nunc
1639 1824 1960 1950 inquirendum.
2001 1827 2103 1930 Pel·

718 1969 904 2072 ierinius‘
933 2001 1023 2103 pro
1059 1973 1261 2105 partibus
1286 1975 1539 2078 Ozolarum
1570 1983 1678 2099 stat,
1722 1969 1777 2091 i)
1815 1983 1922 2103 quin
1953 1977 2107 2112 judicii

723 2127 787 2222 sui
823 2128 1025 2222 rationes
1060 2149 1280 2254 exponat.
1369 2127 1622 2238 Eckhelius
1655 2137 1701 2232 in
1737 2126 1917 2252 syliabo
1941 2129 2107 2222 Corin
2143 2140 2149 2148 ’

722 2273 790 2368 thi
825 2275 1134 2391 coloniarum,
1181 2303 1284 2399 quae
1325 2277 1420 2380 hoc
1469 2306 1637 2407 genere
1686 2289 1969 2372 monetarum
2015 2273 2116 2374 usae-
2298 2283 2303 2294 '

722 2423 847 2542 sunt,
880 2432 1000 2522 reue
1032 2425 1375 2546 animadvertit,
1413 2418 1458 2543 i)
1491 2426 1613 2558 apud
1640 2443 1825 2528 veteres
1853 2423 2107 2532 deduuaea

723 2572 979 2676 Corinthiis
1008 2559 1068 2675 nd
1091 2581 1276 2678 Locros
1302 2578 1478 2681 Ozoins
1501 2579 1701 2684 coloniae
1728 2583 2004 2677 mentionem
2027 2576 2117 2677 fle·

720 2734 761 2828 ri
797 2733 983 2828 omnino
1016 2730 1207 2849 nullum3
1245 2730 1430 2828 videtur
1451 2731 1739 2833 nihilominus
1764 2725 2010 2832 Pellerinio
2033 2757 2107 2834 uc·

722 2877 923 2993 cedere,
979 2947 1017 2991 „
1047 2877 1174 2996 quod
1220 2907 1379 2984 eorum
1419 2885 1551 3002 regio
1588 2882 1729 2980 smum
1767 2875 2111 2978 Corinthiacum

723 3018 1037 3144 contingebat,
1073 3025 1121 3115 δι
1144 3015 1266 3128 forte
1296 3018 1445 3140 aliqua
1469 3023 1567 3144 eJ'us
1599 3049 1709 3146 pars
1737 3046 1903 3115 revera
1940 3027 2119 3128 habita·-

726 3191 775 3273 [α
809 3167 941 3276 fuerit
982 3199 1010 3270 a
1048 3166 1328 3286 Corinthiis,
1361 3186 1439 3265 aut
1459 3170 1683 3302 -specioio
1712 3165 1867 3290 aliquo
1898 3165 2035 3264 titulo
2065 3168 2113 3266 se

728 3325 852 3444 ultro
893 3320 1164 3432 Corinthios
1206 3319 1389 3457 professi
1420 3321 1528 3429 sunt
1555 3363 1613 3445 „·
1644 3321 1729 3425 Ad
1760 3315 1902 3416 Italiae
1937 3319 2109 3418 Locri·
2145 3336 2159 3440 ζ

727 3479 834 3576 dem
862 3492 1021 3575 neuter
1049 3481 1241 3576 animum
1266 3472 1500 3604 adplicuit.
1575 3470 1804 3602 Equidem
1828 3474 1872 3568 in
1895 3467 2119 3580 haccon,

729 3625 947 3738 troverirs
983 3627 1127 3736 numis
1161 3625 1437 3728 domicilium
1480 3625 1708 3754 adfigno‚
1756 3650 1903 3746 neque
1939 3641 2114 3740 temere
2154 3660 2156 3664 ·

728 3777 843 3878 iitud
874 3775 1007 3886 facio.
1065 3777 1293 3882 Testatur
1323 3780 1383 3884 tt
1405 3781 1457 3887 Ρ.
1488 3781 1774 3904 Magnanus,
1797 3771 1868 3889 m)
1902 3773 1951 3874 id
1973 3801 2113 3902 genus
2157 3782 2160 3787 ’

724 3919 999 4070 Ιιιιι,ῐιίἰειιιη,ῑει
1034 3925 1295 4058 frequenter
1319 3939 1416 4032 erui
1442 3936 1488 4032 in
1516 3961 1657 4061 regno
1682 3923 2116 4054 Neapolitano‚ei·
2158 3942 2161 3948 ·

734 4085 869 4210 seque
904 4087 1156 4189 communia
1190 4085 1235 4178 in
1260 4083 1355 4208 ejus
1378 4088 1577 4209 regionis
1614 4075 1969 4197 Cimeiiarchiis3
1997 4074 2117 4174 nutu

602 4238 605 4246 '
732 4261 878 4352 vem,
898 4251 976 4331 aut
996 4252 1123 4334 certe
1147 4262 1356 4364 perrara,
1394 4263 1497 4357 quae
1523 4231 1796 4372 Graecorum
1821 4221 2115 4328 Locrensium

733 4402 890 4518 partus
916 4381 1006 4486 eise
1031 4387 1217 4490 constet.
1295 4385 1365 4486 lbi
1392 4413 1507 4513 ergo
1536 4381 1815 4494 domestica,
1856 4373 1933 4473 ubi
1957 4377 2115 4502 copio

731 4540 792 4646 sa.
838 4534 921 4644 td
945 4543 1172 4646 criterium
1204 4541 1354 4670 magni
1378 4539 1441 4641 eu
1473 4542 1521 4648 iu
1546 4523 1884 4646 difficultatibus
1920 4523 2115 4648 subsidii,
2157 4567 2162 4574 ·

1073 4755 1076 4762 -
1132 4775 1135 4788 .
1357 4733 1363 4752 ·
1569 4746 1573 4754 ·
1621 4745 1627 4754 -
1812 4735 1831 4748 ·-
1937 4708 2041 4808 quae
2106 4771 2111 4787 .

739 5073 763 5104 ·*
797 5053 960 5264 fflec.
981 5067 1091 5143 ‘rom
1129 5088 1172 5152 ι.»
1191 5093 1225 5168 p.
1249 5079 1321 5168 98·
1364 5061 1417 5170 i)
1444 5049 1664 5152 Numeet.
1694 5054 1730 5163 p,
1762 5075 1858 5156 127.
1916 5053 1969 5155 m)
1999 5045 2114 5126 uruit·

901 5233 915 5262 .
935 5207 971 5284 p.
989 5203 1046 5259 tx.
