5242 6509
693 1086 797 1189 Qu
1148 1070 1613 1192 manacta

431 1260 667 1317 ...fl-Q·

297 1461 310 1475 ι
448 1326 631 1410 anavus
656 1362 659 1371 ·
684 1350 757 1425 tus
785 1320 899 1426 deus
931 1325 1133 1425 illuv1em
1163 1328 1299 1421 maris
1343 1322 1558 1446 induxit,
1593 1323 1866 1449 metallaque
1908 1350 2066 1424 eorum

356 1452 361 1461 ⁸
462 1438 610 1655 NV¹1¹3
684 1480 940 1603 subvertit,
974 1488 1038 1582 uti
1070 1492 1226 1579 narrat
1259 1476 1513 1578 Pausanias,
1542 1479 1600 1615 u)

834 1800 1050 1904 Alterum
1093 1795 1274 1905 numum
1313 1782 1574 1903 tenuilllmae
1610 1823 1839 1934 argenteae
1887 1796 2072 1904 laminae
2215 1840 2218 1845 ·

682 1954 841 2055 iisdem
873 1956 1081 2076 attribui,
1115 1956 1250 2080 ,quod
1270 1953 1403 2057 aliam
1423 1984 1515 2055 non
1546 1957 1883 2086 reperiurbem
1907 1958 1987 2057 vel
2003 1960 2067 2053 in·

683 2106 848 2226 sulam,
877 2111 947 2206 cui
979 2114 1127 2237 aptius
1161 2115 1423 2213 conveniat.
1501 2108 1711 2235 Begerus
1738 2110 1957 2227 ssmilem,
1983 2107 2063 2204 sed

683 2256 846 2359 avibus
869 2266 915 2357 in
933 2263 1210 2359 ,contrarIam
1234 2278 1412 2384 partem
1432 2259 1697 2356 volantibus
1733 2260 2063 2387 promulgavit,

683 2406 739 2524 b)
764 2410 1114 2539 propendetque
1133 2412 1176 2505 in
1200 2406 1433 2528 Maleam,
1459 2440 1525 2508 ex
1541 2407 1704 2535 aquilae
1736 2410 1899 2508 volatu
1928 2407 2065 2536 augu-

684 2578 811 2660 ratus
830 2564 994 2695 Jovem
1025 2560 1270 2678 Malaeum,
1289 2558 1349 2659 de
1374 2589 1469 2685 quo
1499 2560 1791 2688 Stephanus
1840 2561 1910 2657 At
1944 2566 2063 2660 enim

683 2713 826 2817 timeo
865 2714 1167 2843 periculosum
1195 2711 1307 2835 illud
1331 2714 1546 2811 Laconiae
1568 2717 1961 2843 promontorium,
1987 2742 2064 2814 ne·
2198 2803 2213 2841 ,

647 2988 658 3003 ,
682 2898 773 2989 que
794 2870 967 2995 aquilas
1008 2870 1209 2999 agnosco
1227 2864 1303 2966 sed
1326 2864 1595 2981 columbas,
1610 2864 2064 2991 AEgaeisinsularibus

679 3016 906 3112 solennem
948 3040 1125 3140 typum.
1201 3016 1423 3137 Siphnum
1466 3016 1650 3137 quidem
1681 3018 1823 3127 ,litera
1853 3048 1920 3138 z,
1959 3050 2063 3142 quae

582 3168 586 3173 ’
680 3165 872 3293 margini
898 3156 1113 3283 inhaeret,
1127 3187 1225 3263 uon
1247 3160 1438 3260 obscure
1466 3180 1605 3260 notat·
1684 3166 1831 3263 Pollis
1866 3170 1925 3292 &g
1945 3169 2063 3267 Seri-

542 3318 565 3347 *
682 3315 824 3446 phum
850 3316 1085 3449 suspicari,
1120 3320 1166 3415 ni
1199 3318 1314 3417 certi
1334 3314 1429 3440 eius
1448 3322 1570 3415 numi
1599 3312 1752 3418 forent
1788 3348 1946 3419 omnes
1970 3349 2063 3421 ma·

675 3472 791 3595 j0ris
817 3466 991 3571 formae.
1075 3470 1274 3590 Alioqui
1305 3496 1464 3592 parum
1500 3470 1707 3590 interest,
1734 3469 1851 3572 hanc
1879 3474 2065 3575 illamve

680 3615 908 3743 praeferas.
985 3616 1114 3711 Nam
1135 3614 1313 3739 pridem
1336 3611 1627 3709 observatum
1648 3622 1711 3710 est
1726 3622 1959 3731 Eruditis,
1983 3623 2061 3713 Se

678 3760 934 3894 riphiorum
960 3790 1121 3881 numos
1149 3791 1177 3860 a
1210 3760 1403 3890 Siphuiis
1439 3756 1563 3862 suille
1595 3765 1726 3863 culos
1752 3791 1817 3863 ex
1849 3789 2062 3888 quacum·

679 3948 770 4047 que
792 3913 973 4016 demum
986 3920 1199 4046 *patiioue
1218 3930 1296 4015 aut
1329 3909 1519 4039 loedere.
1594 3915 1842 4015 Celebrata
1870 3913 2064 4045 Siphnus
2125 4043 2131 4053 ι
2309 3988 2314 3997 .

679 4102 709 4172 a
744 4068 959 4170 ditillrmis
997 4068 1285 4170 metallorum
1324 4064 1505 4167 fodinis.
1587 4068 1763 4169 Contra
1796 4079 1922 4168 vero'
1944 4070 2062 4168 Seri·

678 4222 801 4349 plus
827 4230 996 4341 tenuis,
1017 4217 1183 4346 abJ'etla
1198 4298 1213 4342 ,
1230 4218 1415 4317 e'xulum
1433 4226 1585 4347 poenis
1610 4251 1701 4318 non
1719 4224 1842 4319 secus
1860 4246 1916 4313 ac
1931 4216 2061 4342 Gya·

678 4394 764 4466 ros
796 4370 1037 4481 destinata,
1069 4380 1164 4466 auri
1185 4373 1449 4495 argentique
1478 4373 1637 4494 inopS,
1669 4373 1816 4465 omnis
1838 4363 1936 4465 fere
1964 4368 2063 4464 sco·

678 4517 834 4650 pulus,
866 4512 985 4615 unde
1008 4514 1176 4615 Tacito
1203 4514 1436 4645 eleganter
1459 4516 1615 4625 laxum
1643 4516 1896 4647 Seriphlum
1921 4546 2064 4619 voca·

584 4720 592 4743 ι
679 4691 764 4771 tur.
847 4660 971 4808 Quis
1000 4665 1157 4769 credat
1182 4684 1275 4765 tam
1294 4664 1510 4767 humilem
1529 4668 1722 4772 insulam
1740 4666 1900 4769 ferille
1926 4686 2064 4769 tantae
2136 4720 2144 4821 '.

1647 4865 1650 4874 ·
1894 4852 1988 4923 ma·

739 5146 788 5256 a)
818 5150 938 5231 Phoc.
960 5171 995 5247 p.
1017 5160 1115 5251 823.
1171 5138 1217 5247 h)
1246 5150 1354 5233 Thes.
1374 5128 1510 5236 Braud.
1532 5166 1573 5226 a.
1588 5166 1622 5223 1.
1635 5092 1680 5247 fp,
1697 5167 1797 5243 440.
