5242 6509
731 1105 838 1186 mn
1179 1105 1649 1206 onancua

418 1326 421 1336 Α
484 1315 705 1424 'W
724 1348 784 1450 da
810 1363 997 1480 quoque
1020 1369 1209 1481 recepta
1238 1349 1313 1450 eii.
1334 1421 1364 1466 „
1403 1349 1511 1448 Hac
1544 1346 1605 1448 de
1627 1349 1758 1449 causa
1789 1349 1990 1446 Vitioria
2015 1349 2095 1444 Vi·
2151 1472 2155 1480 ⁵

512 1459 642 1668 Nfss'·
724 1509 1057 1632 minacii‘genio
1078 1506 1245 1602 sertum
1276 1508 1496 1630 imponit,
1520 1503 1648 1627 quod
1671 1498 1809 1602 efferat
1837 1501 1923 1599 suis
1954 1502 2098 1628 auspi·

624 1672 628 1678 ’
724 1660 806 1753 ciis
827 1655 1019 1753 submoti
1044 1683 1129 1786 per
1160 1655 1357 1752 Decium
1388 1652 1588 1777 barbari,
1615 1671 1836 1785 partaque
1869 1649 1974 1747 iude
1998 1652 2101 1748 Co·

719 1804 858 1900 ioniae
888 1807 1109 1902 securitas.
1199 1807 1481 1938 Quamquam
1516 1838 1571 1905 ea
1609 1807 1697 1905 dea
1726 1805 1863 1932 paulo
1902 1802 2003 1930 post
2036 1807 2101 1900 in·

724 1953 1013 2074 constantiae,
1036 1953 1334 2081 ⁴levitatisque
1352 1956 1440 2052 suae
1464 1955 1981 2086 argumentumdederit
1999 1954 2100 2094 Ro·
2178 1999 2182 2008 -

725 2109 1069 2223 manissnimium
1091 2126 1307 2242 quantum
1335 2108 1547 2228 exitiale,
1581 2135 1690 2236 puta
1711 2114 1757 2212 in
1784 2125 1967 2206 cruenta
1992 2134 2097 2195 curn

725 2253 886 2349 iisdem
930 2251 1131 2349 barbaris
1166 2284 1352 2382 pugna,
1392 2285 1481 2376 qua
1522 2287 1632 2382 pars
1667 2257 1865 2350 maxima
1898 2252 2099 2350 Romani

648 2541 654 2548 ι
725 2401 906 2518 militis,
931 2405 977 2498 ἀ
1000 2404 1170 2500 Decius
1195 2403 1289 2531 ipse
1318 2429 1421 2500 cum
1446 2401 1624 2502 duobus
1643 2401 1742 2500 fiiiis
1771 2400 1948 2502 cecidit
1994 2399 2050 2497 N
2051 2431 2099 2497 u-

722 2579 822 2652 mus
859 2553 916 2654 ab
960 2555 1190 2678 Arigouio
1227 2552 1471 2684 productus
1505 2554 1555 2673 c)
1601 2573 1680 2667 aut
1718 2552 1830 2653 alius
1869 2583 1898 2655 a
1936 2555 2093 2654 nostro

722 2709 834 2826 fuit,
863 2721 940 2808 aut
959 2705 1124 2830 iniuriis
1158 2725 1420 2837 temporum
1444 2708 1561 2807 raaie
1580 2705 1768 2808 habitus,

1397 2999 1431 3058 a

1144 3140 1149 3160 ,
1289 3089 1323 3152 a
1506 3087 1539 3150 a

503 3301 560 3378 N.
583 3299 621 3380 8.
786 3303 789 3310 ·
863 3290 1288 3395 annemundus·
1310 3290 1505 3361 oncrvs.
1523 3289 1604 3362 av.
1641 3262 1799 3392 Caput
1817 3261 2093 3401 ejusiaurea·

714 3439 808 3520 turn
834 3417 887 3549 )(
914 3445 1335 3519 P.nnS.coL.v1nn
1356 3452 1442 3516 nn.
1463 3447 1547 3512 ΧΗ.
1623 3415 1793 3515 Genius
1817 3423 1933 3515 inter
1963 3420 2094 3518 solita

702 3571 942 3705 ‘legionum
971 3569 1151 3692 infiguia
1189 3568 1340 3687 stane,
1376 3566 1427 3665 d.
1467 3565 1708 3694 praetendit
1735 3577 2029 3697 cornucopiae
2056 3599 2091 3666 s.

596 3843 601 3850 .
694 3718 832 3844 iconi
852 3719 1064 3821 imminet.
1409 3836 1424 3861 N
1479 3737 1501 3784 ⁰

1858 3897 1978 3979 AER.
2007 3902 2040 3978 1.

857 4169 1188 4303 Cornucopia,
1218 4173 1346 4296 quod
1376 4171 1576 4271 Colonia
1609 4178 1835 4288 ostentat,
1871 4196 2086 4296 procura·

706 4340 799 4420 tam
837 4319 916 4418 sub
959 4322 1114 4417 Decio
1149 4351 1298 4420 rerum
1334 4326 1534 4417 omnium
1561 4312 1904 4439 abundantiam,
1929 4322 2087 4444 patrii·

700 4463 793 4608 ⁴que
808 4470 890 4568 ioli
916 4470 1226 4601 pinguedinem
1249 4471 1423 4568 indicat·
1500 4469 1569 4568 Et
1601 4465 1756 4570 laudat
1781 4468 1964 4592 Moeiuae
1991 4466 2087 4599 gie·
2229 4503 2233 4509 ⁴

621 4675 624 4684 ·
691 4621 810 4750 ¹bam
829 4619 1149 4756 Virgiliumd)

1699 4853 1703 4860 -
1863 4813 2018 4959 ..Hp

731 5196 738 5206 .
768 5119 810 5230 c)
842 5143 1150 5222 r.u11·n·190·
1208 5121 1257 5228 d)
1290 5131 1425 5230 (ὅροις,
1446 5133 1472 5223 l,
1491 5154 1522 5214 1.
1542 5153 1584 5212 v.
1612 5150 1705 5222 101,
