<?xml version="1.0" encoding="UTF-8"?>
<!DOCTYPE html PUBLIC "-//W3C//DTD XHTML 1.0 Transitional//EN"
    "http://www.w3.org/TR/xhtml1/DTD/xhtml1-transitional.dtd">
<html xmlns="http://www.w3.org/1999/xhtml" xml:lang="en" lang="en">
 <head>
  <title>
</title>
<meta http-equiv="Content-Type" content="text/html;charset=utf-8" />
  <meta name='ocr-system' content='tesseract 3.04.00' />
  <meta name='ocr-capabilities' content='ocr_page ocr_carea ocr_par ocr_line ocrx_word'/>
</head>
<body>
  <div class='ocr_page' id='page_1' title='image "./populorumetregu00neumgoog_0226.png"; bbox 0 0 5242 6509; ppageno 0'>
   <div class='ocr_carea' id='block_1_1' title="bbox 566 1069 1571 1181">
    <p class='ocr_par' dir='ltr' id='par_1_1' title="bbox 566 1069 1571 1181">
     <span class='ocr_line' id='line_1_1' title="bbox 566 1069 1571 1181; baseline -0.008 -32"><span class='ocrx_word' id='word_1_1' title='bbox 566 1168 569 1181; x_wconf 69' lang='lat'><em>,</em></span> <span class='ocrx_word' id='word_1_2' title='bbox 710 1073 813 1149; x_wconf 73' lang='lat' dir='ltr'>me</span> <span class='ocrx_word' id='word_1_3' title='bbox 1111 1069 1571 1148; x_wconf 73' lang='lat' dir='ltr'>ennucrn</span> 
     </span>
    </p>
   </div>
   <div class='ocr_carea' id='block_1_2' title="bbox 447 1254 2087 1451">
    <p class='ocr_par' dir='ltr' id='par_1_2' title="bbox 447 1254 2087 1451">
     <span class='ocr_line' id='line_1_2' title="bbox 447 1254 2087 1451; baseline 0 -38"><span class='ocrx_word' id='word_1_4' title='bbox 447 1254 682 1397; x_wconf 52' lang='grc' dir='ltr'>ᾗ</span> <span class='ocrx_word' id='word_1_5' title='bbox 701 1328 753 1417; x_wconf 91' lang='lat' dir='ltr'>ut</span> <span class='ocrx_word' id='word_1_6' title='bbox 787 1336 928 1451; x_wconf 88' lang='lat' dir='ltr'>puto,</span> <span class='ocrx_word' id='word_1_7' title='bbox 950 1317 1111 1421; x_wconf 89' lang='lat' dir='ltr'>laudis.</span> <span class='ocrx_word' id='word_1_8' title='bbox 1188 1312 1409 1447; x_wconf 83' lang='lat' dir='ltr'><strong>Delphini</strong></span> <span class='ocrx_word' id='word_1_9' title='bbox 1431 1320 1552 1416; x_wconf 93' lang='lat' dir='ltr'>ratio</span> <span class='ocrx_word' id='word_1_10' title='bbox 1579 1337 1701 1418; x_wconf 83' lang='lat' dir='ltr'>nota.</span> <span class='ocrx_word' id='word_1_11' title='bbox 1776 1308 1932 1416; x_wconf 83' lang='lat' dir='ltr'>Secus</span> <span class='ocrx_word' id='word_1_12' title='bbox 1938 1314 1998 1417; x_wconf 92' lang='lat' dir='ltr'>de</span> <span class='ocrx_word' id='word_1_13' title='bbox 2017 1344 2087 1414; x_wconf 92' lang='lat' dir='ltr'>un</span> 
     </span>
    </p>
   </div>
   <div class='ocr_carea' id='block_1_3' title="bbox 448 1426 2273 2817">
    <p class='ocr_par' dir='ltr' id='par_1_3' title="bbox 448 1426 2273 2663">
     <span class='ocr_line' id='line_1_3' title="bbox 448 1426 2088 1657; baseline 0.001 -89"><span class='ocrx_word' id='word_1_14' title='bbox 448 1544 485 1620; x_wconf 71' lang='lat' dir='ltr'>N</span> <span class='ocrx_word' id='word_1_15' title='bbox 488 1426 677 1657; x_wconf 33' lang='grc' dir='ltr'>,ἔξω</span> <span class='ocrx_word' id='word_1_16' title='bbox 702 1476 767 1571; x_wconf 78' lang='lat' dir='ltr'>cir</span> <span class='ocrx_word' id='word_1_17' title='bbox 786 1471 862 1573; x_wconf 94' lang='lat' dir='ltr'>sub</span> <span class='ocrx_word' id='word_1_18' title='bbox 881 1471 1097 1603; x_wconf 90' lang='lat' dir='ltr'>delphino</span> <span class='ocrx_word' id='word_1_19' title='bbox 1113 1474 1389 1601; x_wconf 83' lang='lat' dir='ltr'>conspicuis3</span> <span class='ocrx_word' id='word_1_20' title='bbox 1421 1498 1523 1567; x_wconf 93' lang='lat' dir='ltr'>nam</span> <span class='ocrx_word' id='word_1_21' title='bbox 1546 1467 1713 1571; x_wconf 86' lang='lat' dir='ltr'>horum</span> <span class='ocrx_word' id='word_1_22' title='bbox 1746 1466 1844 1569; x_wconf 93' lang='lat' dir='ltr'>sens</span> <span class='ocrx_word' id='word_1_23' title='bbox 1840 1496 1913 1567; x_wconf 92' lang='lat' dir='ltr'>um</span> <span class='ocrx_word' id='word_1_24' title='bbox 1936 1497 2088 1593; x_wconf 88' lang='lat' dir='ltr'>neque</span> 
     </span>
     <span class='ocr_line' id='line_1_4' title="bbox 640 1572 2087 1750; baseline -0.003 -26.811"><span class='ocrx_word' id='word_1_25' title='bbox 640 1572 985 1728; x_wconf 76' lang='grc' dir='ltr'>3’Βιιιιιιιιιιιιιιε</span> <span class='ocrx_word' id='word_1_26' title='bbox 1021 1627 1086 1727; x_wconf 87' lang='lat' dir='ltr'>est</span> <span class='ocrx_word' id='word_1_27' title='bbox 1118 1624 1382 1740; x_wconf 85' lang='lat' dir='ltr'>adsecutus,</span> <span class='ocrx_word' id='word_1_28' title='bbox 1416 1654 1565 1750; x_wconf 90' lang='lat' dir='ltr'>neque</span> <span class='ocrx_word' id='word_1_29' title='bbox 1588 1621 1815 1725; x_wconf 89' lang='lat' dir='ltr'>Khellius.</span> <span class='ocrx_word' id='word_1_30' title='bbox 1892 1622 2087 1721; x_wconf 89' lang='lat' dir='ltr'>Hicvi-</span> 
     </span>
     <span class='ocr_line' id='line_1_5' title="bbox 699 1771 2273 1909; baseline 0.003 -36"><span class='ocrx_word' id='word_1_31' title='bbox 699 1782 856 1877; x_wconf 91' lang='lat' dir='ltr'>tiatam</span> <span class='ocrx_word' id='word_1_32' title='bbox 883 1777 1077 1909; x_wconf 88' lang='lat' dir='ltr'>adeptus</span> <span class='ocrx_word' id='word_1_33' title='bbox 1105 1792 1359 1893; x_wconf 87' lang='lat' dir='ltr'><strong>monetam,</strong></span> <span class='ocrx_word' id='word_1_34' title='bbox 1396 1773 1630 1878; x_wconf 91' lang='lat' dir='ltr'>literarum</span> <span class='ocrx_word' id='word_1_35' title='bbox 1655 1776 1843 1903; x_wconf 86' lang='lat' dir='ltr'>vestigia</span> <span class='ocrx_word' id='word_1_36' title='bbox 1869 1771 2086 1904; x_wconf 89' lang='lat' dir='ltr'>delphino</span> <span class='ocrx_word' id='word_1_37' title='bbox 2268 1852 2273 1858; x_wconf 79' lang='lat'><em>-</em></span> 
     </span>
     <span class='ocr_line' id='line_1_6' title="bbox 696 1921 2088 2059; baseline 0.006 -37"><span class='ocrx_word' id='word_1_38' title='bbox 696 1924 865 2029; x_wconf 85' lang='lat' dir='ltr'>subesse</span> <span class='ocrx_word' id='word_1_39' title='bbox 901 1927 1114 2059; x_wconf 84' lang='lat' dir='ltr'>putabat:</span> <span class='ocrx_word' id='word_1_40' title='bbox 1157 1928 1236 2029; x_wconf 88' lang='lat' dir='ltr'>ille</span> <span class='ocrx_word' id='word_1_41' title='bbox 1269 1929 1552 2057; x_wconf 83' lang='lat' dir='ltr'>piscatoriam</span> <span class='ocrx_word' id='word_1_42' title='bbox 1598 1928 1849 2029; x_wconf 86' lang='lat' dir='ltr'>machinam</span> <span class='ocrx_word' id='word_1_43' title='bbox 1887 1921 2088 2031; x_wconf 75' lang='lat' dir='ltr'>insidian-</span> 
     </span>
     <span class='ocr_line' id='line_1_7' title="bbox 697 2068 2086 2215; baseline -0.001 -34"><span class='ocrx_word' id='word_1_44' title='bbox 697 2102 792 2181; x_wconf 93' lang='lat' dir='ltr'>tem</span> <span class='ocrx_word' id='word_1_45' title='bbox 818 2068 1023 2211; x_wconf 81' lang='lat' dir='ltr'><strong>piscibus.</strong></span> <span class='ocrx_word' id='word_1_46' title='bbox 1063 2078 1123 2215; x_wconf 86' lang='lat' dir='ltr'>d)</span> <span class='ocrx_word' id='word_1_47' title='bbox 1164 2080 1254 2185; x_wconf 86' lang='lat' dir='ltr'>Sed</span> <span class='ocrx_word' id='word_1_48' title='bbox 1278 2087 1394 2181; x_wconf 91' lang='lat' dir='ltr'>enim</span> <span class='ocrx_word' id='word_1_49' title='bbox 1417 2086 1553 2180; x_wconf 86' lang='lat' dir='ltr'>maris</span> <span class='ocrx_word' id='word_1_50' title='bbox 1573 2081 1717 2182; x_wconf 89' lang='lat' dir='ltr'>undas</span> <span class='ocrx_word' id='word_1_51' title='bbox 1740 2112 1795 2183; x_wconf 90' lang='lat' dir='ltr'>ea</span> <span class='ocrx_word' id='word_1_52' title='bbox 1820 2084 1965 2210; x_wconf 87' lang='lat' dir='ltr'>specie</span> <span class='ocrx_word' id='word_1_53' title='bbox 1986 2077 2086 2181; x_wconf 86' lang='lat' dir='ltr'>fuis·</span> 
     </span>
     <span class='ocr_line' id='line_1_8' title="bbox 699 2226 2085 2356; baseline -0.004 -21"><span class='ocrx_word' id='word_1_54' title='bbox 699 2236 747 2335; x_wconf 89' lang='lat' dir='ltr'>se</span> <span class='ocrx_word' id='word_1_55' title='bbox 783 2260 810 2329; x_wconf 87' lang='lat' dir='ltr'>a</span> <span class='ocrx_word' id='word_1_56' title='bbox 857 2228 1090 2331; x_wconf 83' lang='lat' dir='ltr'>veteribus</span> <span class='ocrx_word' id='word_1_57' title='bbox 1123 2231 1451 2350; x_wconf 82' lang='lat' dir='ltr'>adumbratas,</span> <span class='ocrx_word' id='word_1_58' title='bbox 1496 2234 1749 2356; x_wconf 87' lang='lat' dir='ltr'>persuasum</span> <span class='ocrx_word' id='word_1_59' title='bbox 1785 2229 1946 2325; x_wconf 89' lang='lat' dir='ltr'>habeo.</span> <span class='ocrx_word' id='word_1_60' title='bbox 2028 2226 2085 2329; x_wconf 92' lang='lat' dir='ltr'>Id</span> 
     </span>
     <span class='ocr_line' id='line_1_9' title="bbox 696 2378 2087 2511; baseline 0 -33"><span class='ocrx_word' id='word_1_61' title='bbox 696 2380 896 2511; x_wconf 89' lang='lat' dir='ltr'>probant</span> <span class='ocrx_word' id='word_1_62' title='bbox 913 2381 1152 2482; x_wconf 87' lang='lat' dir='ltr'>evidenter</span> <span class='ocrx_word' id='word_1_63' title='bbox 1176 2380 1530 2481; x_wconf 89' lang='lat' dir='ltr'>Tarentinorum</span> <span class='ocrx_word' id='word_1_64' title='bbox 1561 2384 1682 2478; x_wconf 92' lang='lat' dir='ltr'>numi</span> <span class='ocrx_word' id='word_1_65' title='bbox 1706 2383 1830 2500; x_wconf 87' lang='lat' dir='ltr'>triti,</span> <span class='ocrx_word' id='word_1_66' title='bbox 1849 2381 1928 2502; x_wconf 91' lang='lat' dir='ltr'>qui</span> <span class='ocrx_word' id='word_1_67' title='bbox 1957 2378 2087 2478; x_wconf 79' lang='lat' dir='ltr'>sumil-</span> 
     </span>
     <span class='ocr_line' id='line_1_10' title="bbox 695 2527 2087 2663; baseline -0.002 -29"><span class='ocrx_word' id='word_1_68' title='bbox 695 2533 830 2634; x_wconf 90' lang='lat' dir='ltr'>limos</span> <span class='ocrx_word' id='word_1_69' title='bbox 856 2561 999 2631; x_wconf 90' lang='lat' dir='ltr'>uncos</span> <span class='ocrx_word' id='word_1_70' title='bbox 1020 2534 1333 2663; x_wconf 80' lang='lat' dir='ltr'>saepenumero</span> <span class='ocrx_word' id='word_1_71' title='bbox 1353 2527 1599 2650; x_wconf 78' lang='lat' dir='ltr'><strong>exhibent,</strong></span> <span class='ocrx_word' id='word_1_72' title='bbox 1630 2560 1796 2632; x_wconf 86' lang='lat' dir='ltr'>verum</span> <span class='ocrx_word' id='word_1_73' title='bbox 1826 2530 2004 2661; x_wconf 89' lang='lat' dir='ltr'><strong>semper</strong></span> <span class='ocrx_word' id='word_1_74' title='bbox 2031 2564 2087 2631; x_wconf 86' lang='lat' dir='ltr'>ea</span> 
     </span>
    </p>

    <p class='ocr_par' dir='ltr' id='par_1_4' title="bbox 494 2680 2183 2817">
     <span class='ocr_line' id='line_1_11' title="bbox 494 2680 2183 2817; baseline -0.002 -31"><span class='ocrx_word' id='word_1_75' title='bbox 494 2718 509 2733; x_wconf 89' lang='lat'><strong>·</strong></span> <span class='ocrx_word' id='word_1_76' title='bbox 696 2704 868 2787; x_wconf 88' lang='lat' dir='ltr'>tantum</span> <span class='ocrx_word' id='word_1_77' title='bbox 893 2705 1049 2817; x_wconf 88' lang='lat' dir='ltr'>parte,</span> <span class='ocrx_word' id='word_1_78' title='bbox 1075 2716 1166 2816; x_wconf 90' lang='lat' dir='ltr'>qua</span> <span class='ocrx_word' id='word_1_79' title='bbox 1199 2692 1277 2785; x_wconf 88' lang='lat' dir='ltr'>vir</span> <span class='ocrx_word' id='word_1_80' title='bbox 1304 2682 1448 2782; x_wconf 91' lang='lat' dir='ltr'>nudus</span> <span class='ocrx_word' id='word_1_81' title='bbox 1480 2680 1700 2809; x_wconf 88' lang='lat' dir='ltr'>delphino</span> <span class='ocrx_word' id='word_1_82' title='bbox 1723 2683 1920 2783; x_wconf 88' lang='lat' dir='ltr'>vehitur.</span> <span class='ocrx_word' id='word_1_83' title='bbox 1998 2682 2087 2783; x_wconf 91' lang='lat' dir='ltr'>Te·</span> <span class='ocrx_word' id='word_1_84' title='bbox 2178 2718 2183 2724; x_wconf 90' lang='grc'><em>·</em></span> 
     </span>
    </p>
   </div>
   <div class='ocr_carea' id='block_1_4' title="bbox 678 2828 2086 3111">
    <p class='ocr_par' dir='ltr' id='par_1_5' title="bbox 678 2828 2086 3111">
     <span class='ocr_line' id='line_1_12' title="bbox 694 2828 2086 2967; baseline -0.004 -28"><span class='ocrx_word' id='word_1_85' title='bbox 694 2842 862 2941; x_wconf 86' lang='lat' dir='ltr'>llantur</span> <span class='ocrx_word' id='word_1_86' title='bbox 881 2840 974 2941; x_wconf 93' lang='lat' dir='ltr'>hoc</span> <span class='ocrx_word' id='word_1_87' title='bbox 996 2847 1132 2940; x_wconf 86' lang='lat' dir='ltr'>etiam</span> <span class='ocrx_word' id='word_1_88' title='bbox 1160 2836 1446 2967; x_wconf 88' lang='lat' dir='ltr'>Reipublicae</span> <span class='ocrx_word' id='word_1_89' title='bbox 1470 2834 1701 2933; x_wconf 88' lang='lat' dir='ltr'>Romanae</span> <span class='ocrx_word' id='word_1_90' title='bbox 1734 2828 1887 2951; x_wconf 89' lang='lat' dir='ltr'>asses,</span> <span class='ocrx_word' id='word_1_91' title='bbox 1916 2834 2086 2935; x_wconf 76' lang='lat' dir='ltr'>assium·</span> 
     </span>
     <span class='ocr_line' id='line_1_13' title="bbox 678 2982 2086 3111; baseline 0.006 -33"><span class='ocrx_word' id='word_1_92' title='bbox 678 3015 785 3107; x_wconf 89' lang='lat' dir='ltr'>·que</span> <span class='ocrx_word' id='word_1_93' title='bbox 820 3007 999 3108; x_wconf 88' lang='lat' dir='ltr'>partes,</span> <span class='ocrx_word' id='word_1_94' title='bbox 1045 3018 1147 3101; x_wconf 89' lang='lat' dir='ltr'>quae</span> <span class='ocrx_word' id='word_1_95' title='bbox 1179 3012 1327 3083; x_wconf 87' lang='lat' dir='ltr'>naves</span> <span class='ocrx_word' id='word_1_96' title='bbox 1359 2986 1563 3111; x_wconf 80' lang='lat' dir='ltr'>figuratis</span> <span class='ocrx_word' id='word_1_97' title='bbox 1592 2982 1785 3079; x_wconf 89' lang='lat' dir='ltr'>eundem</span> <span class='ocrx_word' id='word_1_98' title='bbox 1818 2990 1865 3079; x_wconf 93' lang='lat' dir='ltr'>in</span> <span class='ocrx_word' id='word_1_99' title='bbox 1898 2986 2086 3087; x_wconf 89' lang='lat' dir='ltr'>modum</span> 
     </span>
    </p>
   </div>
   <div class='ocr_carea' id='block_1_5' title="bbox 693 3127 2260 3390">
    <p class='ocr_par' dir='ltr' id='par_1_6' title="bbox 693 3127 2260 3390">
     <span class='ocr_line' id='line_1_14' title="bbox 693 3127 2260 3262; baseline -0.001 -29"><span class='ocrx_word' id='word_1_100' title='bbox 693 3130 893 3234; x_wconf 76' lang='lat' dir='ltr'>sionibus</span> <span class='ocrx_word' id='word_1_101' title='bbox 919 3135 1169 3229; x_wconf 77' lang='lat' dir='ltr'>innatantes</span> <span class='ocrx_word' id='word_1_102' title='bbox 1209 3127 1464 3259; x_wconf 82' lang='lat' dir='ltr'>praeierunt.</span> <span class='ocrx_word' id='word_1_103' title='bbox 1545 3130 1668 3224; x_wconf 92' lang='lat' dir='ltr'>Vide</span> <span class='ocrx_word' id='word_1_104' title='bbox 1700 3137 1851 3262; x_wconf 86' lang='lat' dir='ltr'>gentis</span> <span class='ocrx_word' id='word_1_105' title='bbox 1882 3134 2086 3235; x_wconf 83' lang='lat' dir='ltr'>Caeciliae</span> <span class='ocrx_word' id='word_1_106' title='bbox 2253 3172 2260 3184; x_wconf 83' lang='lat'><strong>.</strong></span> 
     </span>
     <span class='ocr_line' id='line_1_15' title="bbox 693 3278 2085 3390; baseline -0.003 0"><span class='ocrx_word' id='word_1_107' title='bbox 693 3284 913 3390; x_wconf 85' lang='lat' dir='ltr'>semissem</span> <span class='ocrx_word' id='word_1_108' title='bbox 943 3290 987 3384; x_wconf 93' lang='lat' dir='ltr'>in</span> <span class='ocrx_word' id='word_1_109' title='bbox 1011 3281 1247 3384; x_wconf 83' lang='lat' dir='ltr'>Thesauro</span> <span class='ocrx_word' id='word_1_110' title='bbox 1287 3281 1495 3387; x_wconf 87' lang='lat' dir='ltr'>Morellii</span> <span class='ocrx_word' id='word_1_111' title='bbox 1532 3278 1823 3385; x_wconf 85' lang='lat' dir='ltr'>Familiarum</span> <span class='ocrx_word' id='word_1_112' title='bbox 1852 3286 2085 3387; x_wconf 87' lang='lat' dir='ltr'>Romana·</span> 
     </span>
    </p>
   </div>
   <div class='ocr_carea' id='block_1_6' title="bbox 693 3435 2087 3701">
    <p class='ocr_par' dir='ltr' id='par_1_7' title="bbox 693 3435 2087 3701">
     <span class='ocr_line' id='line_1_16' title="bbox 693 3435 2087 3567; baseline -0.006 -25"><span class='ocrx_word' id='word_1_113' title='bbox 693 3472 821 3557; x_wconf 85' lang='lat' dir='ltr'>rum,</span> <span class='ocrx_word' id='word_1_114' title='bbox 854 3439 905 3552; x_wconf 87' lang='lat' dir='ltr'>e)</span> <span class='ocrx_word' id='word_1_115' title='bbox 940 3468 1087 3555; x_wconf 90' lang='lat' dir='ltr'>neque</span> <span class='ocrx_word' id='word_1_116' title='bbox 1119 3440 1254 3543; x_wconf 64' lang='lat' dir='ltr'>ultra,</span> <span class='ocrx_word' id='word_1_117' title='bbox 1273 3435 1515 3531; x_wconf 88' lang='lat' dir='ltr'>dubitabis.</span> <span class='ocrx_word' id='word_1_118' title='bbox 1592 3436 1704 3535; x_wconf 92' lang='lat' dir='ltr'>Nec</span> <span class='ocrx_word' id='word_1_119' title='bbox 1740 3439 2087 3567; x_wconf 77' lang='lat' dir='ltr'>praetereundus</span> 
     </span>
     <span class='ocr_line' id='line_1_17' title="bbox 693 3578 2080 3701; baseline -0.003 -16"><span class='ocrx_word' id='word_1_120' title='bbox 693 3588 858 3685; x_wconf 85' lang='lat' dir='ltr'>nobilis</span> <span class='ocrx_word' id='word_1_121' title='bbox 904 3584 1162 3679; x_wconf 87' lang='lat' dir='ltr'>Camarinae</span> <span class='ocrx_word' id='word_1_122' title='bbox 1200 3578 1564 3675; x_wconf 85' lang='lat' dir='ltr'>tetradrachmus</span> <span class='ocrx_word' id='word_1_123' title='bbox 1598 3585 1720 3701; x_wconf 92' lang='lat' dir='ltr'>apud</span> <span class='ocrx_word' id='word_1_124' title='bbox 1762 3585 2049 3681; x_wconf 87' lang='lat' dir='ltr'>Dorvillium</span> <span class='ocrx_word' id='word_1_125' title='bbox 2062 3655 2080 3701; x_wconf 87' lang='lat'><em>‚</em></span> 
     </span>
    </p>
   </div>
   <div class='ocr_carea' id='block_1_7' title="bbox 509 3724 2088 4163">
    <p class='ocr_par' dir='ltr' id='par_1_8' title="bbox 509 3724 2088 4163">
     <span class='ocr_line' id='line_1_18' title="bbox 575 3724 2082 3860; baseline -0.008 -25"><span class='ocrx_word' id='word_1_126' title='bbox 575 3746 579 3750; x_wconf 80' lang='grc'><strong>’</strong></span> <span class='ocrx_word' id='word_1_127' title='bbox 693 3732 754 3860; x_wconf 69' lang='lat' dir='ltr'>f)</span> <span class='ocrx_word' id='word_1_128' title='bbox 781 3734 858 3859; x_wconf 91' lang='lat' dir='ltr'>qui</span> <span class='ocrx_word' id='word_1_129' title='bbox 877 3745 1114 3829; x_wconf 92' lang='lat' dir='ltr'>cornutam</span> <span class='ocrx_word' id='word_1_130' title='bbox 1140 3728 1268 3827; x_wconf 88' lang='lat' dir='ltr'>fluvii</span> <span class='ocrx_word' id='word_1_131' title='bbox 1293 3727 1517 3855; x_wconf 89' lang='lat' dir='ltr'>Hipparis</span> <span class='ocrx_word' id='word_1_132' title='bbox 1547 3724 1745 3851; x_wconf 86' lang='lat' dir='ltr'>effigiem</span> <span class='ocrx_word' id='word_1_133' title='bbox 1780 3724 1988 3825; x_wconf 76' lang='lat' dir='ltr'>similibus</span> <span class='ocrx_word' id='word_1_134' title='bbox 2017 3734 2082 3824; x_wconf 90' lang='lat' dir='ltr'>in-</span> 
     </span>
     <span class='ocr_line' id='line_1_19' title="bbox 692 3872 2083 4019; baseline -0.01 -29"><span class='ocrx_word' id='word_1_135' title='bbox 692 3887 835 3990; x_wconf 90' lang='lat' dir='ltr'>cludit</span> <span class='ocrx_word' id='word_1_136' title='bbox 877 3888 1015 3983; x_wconf 89' lang='lat' dir='ltr'>uncis.</span> <span class='ocrx_word' id='word_1_137' title='bbox 1094 3872 1229 4019; x_wconf 88' lang='lat' dir='ltr'>Quid</span> <span class='ocrx_word' id='word_1_138' title='bbox 1269 3880 1339 3979; x_wconf 84' lang='lat' dir='ltr'>his</span> <span class='ocrx_word' id='word_1_139' title='bbox 1382 3874 1554 3976; x_wconf 66' lang='lat' dir='ltr'>facias?</span> <span class='ocrx_word' id='word_1_140' title='bbox 1600 3876 1679 3975; x_wconf 93' lang='lat' dir='ltr'>De</span> <span class='ocrx_word' id='word_1_141' title='bbox 1726 3878 1867 3976; x_wconf 90' lang='lat' dir='ltr'>nihilo</span> <span class='ocrx_word' id='word_1_142' title='bbox 1902 3874 2083 4007; x_wconf 83' lang='lat' dir='ltr'>putabis</span> 
     </span>
     <span class='ocr_line' id='line_1_20' title="bbox 509 4027 2088 4163; baseline -0.014 -15"><span class='ocrx_word' id='word_1_143' title='bbox 509 4158 511 4163; x_wconf 51' lang='grc'>,</span> <span class='ocrx_word' id='word_1_144' title='bbox 691 4038 882 4143; x_wconf 73' lang='lat' dir='ltr'>adesse?</span> <span class='ocrx_word' id='word_1_145' title='bbox 921 4036 974 4137; x_wconf 94' lang='lat' dir='ltr'>Id</span> <span class='ocrx_word' id='word_1_146' title='bbox 1008 4052 1180 4133; x_wconf 88' lang='lat' dir='ltr'>tantum</span> <span class='ocrx_word' id='word_1_147' title='bbox 1210 4034 1362 4152; x_wconf 82' lang='lat' dir='ltr'>abest,</span> <span class='ocrx_word' id='word_1_148' title='bbox 1390 4048 1442 4127; x_wconf 91' lang='lat' dir='ltr'>ut</span> <span class='ocrx_word' id='word_1_149' title='bbox 1480 4036 1635 4158; x_wconf 87' lang='lat' dir='ltr'>potius</span> <span class='ocrx_word' id='word_1_150' title='bbox 1664 4027 1723 4129; x_wconf 91' lang='lat' dir='ltr'>ab</span> <span class='ocrx_word' id='word_1_151' title='bbox 1754 4029 1929 4131; x_wconf 88' lang='lat' dir='ltr'>artifice</span> <span class='ocrx_word' id='word_1_152' title='bbox 1958 4034 2088 4157; x_wconf 60' lang='lat' dir='ltr'>inge·⁴</span> 
     </span>
    </p>
   </div>
   <div class='ocr_carea' id='block_1_8' title="bbox 690 4180 2171 4461">
    <p class='ocr_par' dir='ltr' id='par_1_9' title="bbox 690 4180 2171 4461">
     <span class='ocr_line' id='line_1_21' title="bbox 692 4180 2171 4318; baseline -0.009 -28"><span class='ocrx_word' id='word_1_153' title='bbox 692 4194 821 4290; x_wconf 91' lang='lat' dir='ltr'>nioso</span> <span class='ocrx_word' id='word_1_154' title='bbox 843 4190 1025 4289; x_wconf 90' lang='lat' dir='ltr'>credam</span> <span class='ocrx_word' id='word_1_155' title='bbox 1057 4190 1291 4318; x_wconf 76' lang='lat' dir='ltr'>adpicioS,</span> <span class='ocrx_word' id='word_1_156' title='bbox 1326 4214 1423 4308; x_wconf 92' lang='lat' dir='ltr'>quo</span> <span class='ocrx_word' id='word_1_157' title='bbox 1446 4187 1720 4281; x_wconf 88' lang='lat' dir='ltr'>&amp;cornutae</span> <span class='ocrx_word' id='word_1_158' title='bbox 1756 4184 1912 4307; x_wconf 86' lang='lat' dir='ltr'>figurae</span> <span class='ocrx_word' id='word_1_159' title='bbox 1937 4180 2083 4278; x_wconf 75' lang='lat' dir='ltr'>sensus</span> <span class='ocrx_word' id='word_1_160' title='bbox 2167 4304 2171 4308; x_wconf 40' lang='lat'>‚</span> 
     </span>
     <span class='ocr_line' id='line_1_22' title="bbox 690 4326 2081 4461; baseline -0.007 -22"><span class='ocrx_word' id='word_1_161' title='bbox 690 4336 872 4455; x_wconf 88' lang='lat' dir='ltr'>nitidius</span> <span class='ocrx_word' id='word_1_162' title='bbox 889 4343 1248 4461; x_wconf 85' lang='lat' dir='ltr'>exprimeretur,</span> <span class='ocrx_word' id='word_1_163' title='bbox 1285 4342 1333 4433; x_wconf 84' lang='lat' dir='ltr'>dt</span> <span class='ocrx_word' id='word_1_164' title='bbox 1353 4328 1525 4430; x_wconf 79' lang='lat' dir='ltr'>facilius</span> <span class='ocrx_word' id='word_1_165' title='bbox 1550 4332 1610 4429; x_wconf 86' lang='lat' dir='ltr'>ab</span> <span class='ocrx_word' id='word_1_166' title='bbox 1624 4327 1896 4429; x_wconf 80' lang='lat' dir='ltr'>intuentibus</span> <span class='ocrx_word' id='word_1_167' title='bbox 1921 4326 2081 4461; x_wconf 84' lang='lat' dir='ltr'>digno·</span> 
     </span>
    </p>
   </div>
   <div class='ocr_carea' id='block_1_9' title="bbox 690 4494 947 4593">
    <p class='ocr_par' dir='ltr' id='par_1_10' title="bbox 690 4494 947 4593">
     <span class='ocr_line' id='line_1_23' title="bbox 690 4494 947 4593; baseline -0.039 0"><span class='ocrx_word' id='word_1_168' title='bbox 690 4494 905 4593; x_wconf 90' lang='lat' dir='ltr'>sceretur.</span> <span class='ocrx_word' id='word_1_169' title='bbox 945 4580 947 4583; x_wconf 82' lang='grc'><strong>,</strong></span> 
     </span>
    </p>
   </div>
   <div class='ocr_carea' id='block_1_10' title="bbox 1884 4770 2002 4871">
    <p class='ocr_par' dir='ltr' id='par_1_11' title="bbox 1884 4770 2002 4871">
     <span class='ocr_line' id='line_1_24' title="bbox 1884 4770 2002 4871; baseline -0.042 -1"><span class='ocrx_word' id='word_1_170' title='bbox 1884 4770 1926 4871; x_wconf 84' lang='lat' dir='ltr'>F</span> <span class='ocrx_word' id='word_1_171' title='bbox 1926 4794 2002 4867; x_wconf 91' lang='lat' dir='ltr'>ru·</span> 
     </span>
    </p>
   </div>
   <div class='ocr_carea' id='block_1_11' title="bbox 451 5048 2069 5198">
    <p class='ocr_par' dir='ltr' id='par_1_12' title="bbox 451 5032 2069 5198">
     <span class='ocr_line' id='line_1_25' title="bbox 451 5048 2069 5198; baseline -0.006 -27"><span class='ocrx_word' id='word_1_172' title='bbox 451 5064 457 5077; x_wconf 55' lang='lat'><em>⁰</em></span> <span class='ocrx_word' id='word_1_173' title='bbox 580 5060 586 5071; x_wconf 56' lang='lat'><strong>.</strong></span> <span class='ocrx_word' id='word_1_174' title='bbox 749 5086 925 5198; x_wconf 75' lang='lat' dir='ltr'>d)1.‚c.</span> <span class='ocrx_word' id='word_1_175' title='bbox 955 5048 991 5191; x_wconf 87' lang='lat' dir='ltr'>p.</span> <span class='ocrx_word' id='word_1_176' title='bbox 1026 5104 1124 5181; x_wconf 77' lang='lat'><strong>450.</strong></span> <span class='ocrx_word' id='word_1_177' title='bbox 1181 5084 1222 5189; x_wconf 86' lang='lat' dir='ltr'>e)</span> <span class='ocrx_word' id='word_1_178' title='bbox 1252 5090 1347 5168; x_wconf 85' lang='lat' dir='ltr'>Tab.</span> <span class='ocrx_word' id='word_1_179' title='bbox 1383 5109 1423 5174; x_wconf 99' lang='grc'><strong>2</strong></span> <span class='ocrx_word' id='word_1_180' title='bbox 1442 5112 1487 5167; x_wconf 89' lang='grc' dir='ltr'>ιι.</span> <span class='ocrx_word' id='word_1_181' title='bbox 1520 5110 1580 5179; x_wconf 81' lang='grc' dir='ltr'>ιν,</span> <span class='ocrx_word' id='word_1_182' title='bbox 1622 5087 1678 5188; x_wconf 75' lang='lat' dir='ltr'>f)</span> <span class='ocrx_word' id='word_1_183' title='bbox 1709 5109 1756 5180; x_wconf 78' lang='lat' dir='ltr'>u.</span> <span class='ocrx_word' id='word_1_184' title='bbox 1795 5109 1830 5175; x_wconf 89' lang='lat' dir='ltr'>c.</span> <span class='ocrx_word' id='word_1_185' title='bbox 1870 5090 1963 5169; x_wconf 83' lang='lat' dir='ltr'>Tab.</span> <span class='ocrx_word' id='word_1_186' title='bbox 1990 5108 2069 5173; x_wconf 78' lang='lat' dir='ltr'>aar.</span> 
     </span>
    </p>
   </div>
   <div class='ocr_carea' id='block_1_12' title="bbox 0 0 2626 6507">
    <p class='ocr_par' dir='ltr' id='par_1_13' title="bbox 0 0 2626 6507">
     <span class='ocr_line' id='line_1_26' title="bbox 0 0 2626 6507; baseline 0 0"><span class='ocrx_word' id='word_1_187' title='bbox 0 0 2626 6507; x_wconf 95' lang='lat' dir='ltr'> </span> 
     </span>
    </p>
   </div>
  </div>
 </body>
</html>
