5242 6509
892 1114 1448 1184 audoenum
1781 1110 1881 1213 tw

518 1374 594 1449 tur
618 1358 698 1474 iis,
720 1350 882 1480 quibus
907 1358 1089 1480 cognita
1111 1354 1173 1450 est
1200 1352 1345 1451 insana
1363 1366 1571 1461 veteram
1590 1374 1700 1480 erga
1721 1348 1887 1448 fluvios

516 1502 692 1632 religio.
769 1506 837 1601 Et
869 1503 1087 1603 Acheloo
1127 1502 1308 1627 quidem
1345 1508 1498 1628 ingens
1541 1499 1658 1599 fama
1692 1505 1883 1599 nominis

516 1652 621 1775 fuit,
654 1654 888 1781 cultusque
929 1654 1068 1785 longe
1096 1658 1322 1754 maximus
1348 1684 1414 1752 ex
1452 1649 1638 1751 infausta
1670 1648 1775 1770 illa,
1805 1651 1883 1753 sed

512 1804 685 1905 celebri
721 1808 1050 1939 cumHercule
1075 1834 1256 1935 pugna,
1289 1793 1425 1929 quam
1450 1805 1544 1935 ipse
1564 1802 1683 1902 adeo
1706 1802 1881 1931 elegan-

513 1973 587 2053 ter
613 1955 819 2057 decantat
840 1988 922 2059 ore
945 1957 1114 2057 Ovidii.
1152 1954 1200 2074 t>
1250 1956 1372 2056 Aliis
1390 1955 1491 2054 aliae
1515 1955 1761 2053 divinitatis
1781 1980 1883 2052 cau·

512 2108 600 2223 sae,
623 2136 735 2232 quas
764 2115 922 2235 paucis·
944 2105 1288 2237 comprehendit
1320 2108 1560 2205 Maximus
1582 2108 1793 2227 Tyrius,
1822 2099 1882 2231 n)

511 2258 638 2378 cujus
670 2256 814 2355 verba
847 2263 1068 2355 neminem
1105 2254 1255 2381 legisse
1297 2254 1552 2383 poenitebit.
1590 2325 1622 2373 „
1642 2250 1727 2349 Est
1761 2252 1886 2370 suna,

514 2407 691 2526 inquit,
731 2406 880 2503 fluviis
927 2404 1077 2503 honor
1118 2424 1195 2503 aut
1234 2404 1296 2505 ob
1336 2404 1608 2524 utilitatem,
1648 2400 1886 2526 quomodo

1996 1460 2062 1542 vn.

1961 1574 2014 1660 n.
2045 1572 2083 1651 ⁶.

514 2550 737 2683 AEgyptii
767 2554 924 2655 colunt
963 2556 1152 2681 Nilum3
1194 2573 1273 2655 aut
1319 2554 1383 2656 ob
1421 2554 1793 2685 pulcritudinem,
1837 2570 1890 2651 ut:
1993 2654 2036 2681 ,a

513 2705 714 2804 Peneum
752 2702 981 2821 Thessali3
1030 2726 1106 2801 aut
1141 2705 1204 2801 ob
1240 2703 1615 2833 magnitudinem,
1651 2724 1703 2803 ut
1731 2705 1889 2802 Istrum

511 2850 728 2979 Scythae3
756 2868 931 2971 autex
967 2848 1139 2975 fabula,
1164 2870 1214 2949 nt
1231 2852 1389 2950 AEtoli
1404 2854 1706 2979 ,Acheloum3
1726 2873 1889 2954 ‘autent

513 3002 645 3131 lege,
678 3020 727 3099 ut
752 3002 990 3129 Spartiatae
1017 2994 1277 3123 Eurotam;
1310 3020 1391 3099 aut
1410 3034 1474 3101 ex
1500 3007 1628 3104 sacro
1660 3008 1888 3124 instituto,

512 3172 561 3249 ut
585 3150 746 3251 llissum
768 3150 1128 3271 Athenienses„
1189 3154 1353 3277 Atque
1378 3148 1483 3252 huic
1513 3153 1798 3255 tribuendum
1826 3154 1890 3250 est

508 3310 680 3402 veteris
718 3300 842 3400 orbis
880 3330 991 3428 erga
1024 3304 1191 3397 fluvios
1229 3305 1419 3426 pietati,
1450 3302 1578 3425 quod
1608 3330 1766 3397 eorum
1794 3299 1889 3395 effi·

507 3460 604 3575 gtes
631 3458 676 3548 in
703 3457 844 3549 numia
873 3455 1011 3548 toties
1036 3453 1215 3545 niteant.
1292 3443 1522 3545 Acheloo
1553 3449 1661 3549 nihil
1683 3445 1889 3573 frequen·

507 3607 596 3699 tius
628 3604 671 3696 in
695 3600 1012 3720 Acarnanum,
1047 3594 1374 3716 AEniadarum,
1399 3595 1610 3727 Thyrei,
1648 3617 1787 3722 atque
1804 3628 1887 3698 ex·

440 3788 441 3793 Ν
497 3768 577 3849 tra
600 3750 907 3851 Acarnaniam
928 3754 970 3845 in
989 3778 1094 3847 aere
1124 3748 1415 3870 Ambraciae,
1439 3748 1805 3880 undeproclivis
1835 3747 1888 3848 il·

506 3894 659 4013 latio,
701 3926 785 4023 per
823 3926 926 3993 eum
970 3904 1158 3997 tractum
1198 3904 1337 3999 etiam
1374 3901 1514 3997 nostri
1547 3905 1668 3999 numi
1695 3904 1888 4026 patriam

506 4061 725 4173 oportere
750 4044 964 4139 constitui.
1001 4050 1211 4172 Superest
1231 4040 1394 4173 igitur,
1420 4065 1471 4143 ut
1494 4047 1591 4169 ejus
1624 4053 1790 4144 ttatlus
1819 4072 1889 4142 ur·

505 4194 610 4295 bern
634 4196 943 4321 acquiramus,
976 4222 1080 4320 quae
1105 4198 1373 4325 praesentem
1405 4224 1588 4298 numum
1617 4198 1888 4328 signaverim

503 4352 551 4440 da
578 4344 691 4443 hanc
716 4340 884 4441 videor
904 4342 1013 4443 mihi
1037 4346 1306 4475 expiscarie
1331 4348 1544 4455 notasub
1564 4346 1761 4478 pegaso,
1779 4376 1885 4474 quae

504 4494 646 4593 literis
681 4492 907 4621 colligatis
942 4526 1013 4597 nn
1048 4496 1129 4597 vel
1172 4530 1283 4603 nun
1330 4495 1516 4601 constat.
1597 4480 1720 4634 Quid
1769 4505 1885 4598 enim

502 4642 740 4775 prohibet,
764 4672 822 4743 ne
844 4642 926 4748 has
946 4646 1102 4752 literas
1127 4684 1401 4782 ammenopes
1431 4657 1602 4778 primas
1623 4648 1886 4767 existimem

499 4838 503 4851 ·
661 4847 667 4859 ·
1114 4803 1209 4897 Bb
1251 4826 1280 4927 3
1443 4864 1447 4871 -
1693 4818 1809 4924 quo·

536 5072 540 5080 a

557 5104 1362 5222 mmmmm.mwmmmm
1475 5082 1494 5158 s

2392 1251 2424 1400 l
