5242 6509
719 1029 822 1162 tw
1152 1059 1618 1146 cnuacra

460 1283 675 1384 *uiam
709 1301 865 1404 nostro
883 1301 1017 1431 piane
1035 1311 1293 1436 geminum,
1316 1307 1348 1409 fi
1373 1329 1531 1414 notam
1562 1313 1761 1416 incusam
1785 1313 1993 1440 excipis,
2013 1339 2089 1415 ac·

496 1419 649 1617 uffo·
710 1467 959 1588 curateque
995 1461 1239 1591 observat,
1287 1464 1527 1570 barbaram
1569 1475 1665 1598 ejus
1703 1469 1827 1570 numi
1870 1460 2091 1568 fabricam

584 1623 588 1630 ’
711 1616 953 1747 plurimum
973 1617 1213 1720 accedere
1242 1619 1303 1716 ad
1335 1621 1533 1752 speciem
1568 1653 1730 1728 eorum
1774 1624 2090 1720 numismatum

676 1873 681 1886 ,
714 1785 1039 1898 argenteorum
1073 1771 1196 1872 rudis
1229 1774 1368 1869 etiam
1399 1783 1588 1901 operis,
1626 1809 1732 1906 quae
1763 1769 1925 1874 slmiles
1951 1777 2090 1870 utrin-

712 1953 804 2050 que
838 1938 1014 2050 typos,
1037 1923 1155 2052 saepe
1180 1937 1319 2054 caput
1349 1931 1464 2026 mire
1488 1951 1730 2053 ornatum,
1745 1933 1809 2052 ‚dt
1826 1919 1934 2056 'pro
1966 1915 2143 2053 equis.

713 2093 763 2176 te
785 2081 915 2174 varia
934 2078 1170 2186 animantia
1192 2083 1240 2176 dt
1267 2083 1493 2206 monstra,
1528 2085 1613 2188 vel
1645 2085 1734 2187 sane
1757 2057 1837 2182 vei
1862 2108 1966 2175 cum
1998 2086 2094 2204 epi«

714 2227 891 2356 graphe
918 2227 1185 2352 pierumque
1214 2227 1409 2327 barbara
1442 2233 1686 2351 exhibent,
1719 2223 1972 2350 cujusmodi
2000 2220 2089 2324 fre·

558 2445 567 2464 ·
674 2509 680 2526 .
711 2384 866 2506 quenti
898 2404 1086 2476 numero
1110 2411 1137 2477 e
1163 2377 1405 2476 Pannoniis
1423 2377 1661 2508 Daciaque
1696 2381 1757 2482 ad
1777 2407 1862 2478 nos
1882 2375 2090 2479 deferun-

710 2551 812 2654 tur3
850 2562 912 2630 ex
945 2559 1039 2658 quo
1074 2559 1218 2660 porro
1255 2531 1466 2656 conjicit,
1501 2531 1631 2659 hujus
1664 2542 1841 2665 generis
1869 2531 2089 2629 tetradra·

706 2685 838 2788 chma
855 2687 1014 2788 vicinis
1040 2683 1239 2785 Paomae
1265 2687 1655 2810 Macedoniaeque
1678 2685 1953 2814 regionibus,
1973 2708 2087 2810 prae·

703 2843 857 2938 sertim
883 2869 973 2976 qua
1000 2835 1250 2936 Thraciam
1271 2839 1553 2964 &Moesum
1576 2842 1873 2964 contingunt,
1909 2861 2089 2931 eorum·
2128 2930 2132 2936 ,

698 3013 789 3107 que
822 2979 1107 3100 Principibus
1139 2979 1229 3070 effe
1265 2979 1514 3073 tribuenda·
1614 2987 1689 3075 Ea
1728 2988 1829 3076 Viri
1860 2983 2093 3084 doariffimi

700 3132 955 3258 conjectura
976 3149 1256 3254 magnopere
1282 3123 1510 3244 firmatur,
1542 3123 1844 3253 evehiturque
1869 3131 1930 3228 ad
1954 3140 2090 3229 certi·

702 3288 863 3385 tudinis
900 3277 1093 3409 gradum
1128 3279 1347 3407 praesente
1380 3309 1521 3377 numo
1547 3279 1888 3399 Audoleontis,
1929 3285 2001 3378 cui
2035 3281 2088 3378 sr-

702 3469 841 3569 gnum
887 3425 1144 3560 impreffum
1184 3433 1248 3531 est
1286 3431 1353 3531 ‘ad
1390 3423 1585 3530 formam
1623 3417 1870 3561 triquetrae
1957 3435 2086 3532 Nam

670 3569 673 3579 ¹
700 3592 890 3692 eandem
911 3585 1097 3716 prorsus
1120 3601 1276 3683 notam
1311 3612 1367 3684 ea
1399 3581 1597 3682 referunt
1627 3584 1991 3703 tetradrachma,
2021 3586 2082 3680 de

697 3743 862 3874 quibus
883 3744 1113 3870 negotium
1135 3743 1294 3872 agitur.
1370 3735 1449 3836 En
1470 3734 1562 3837 tale
1581 3743 1672 3836 mei
1688 3739 1826 3838 musei
1849 3765 1954 3836 cum
1981 3733 2081 3833 lite·

492 3897 543 3976 N·
575 3913 664 3996 1-0··
697 3907 759 4001 ris
784 3933 849 4000 nu
883 3893 1065 3995 Tabula
1090 3920 1172 4026 ru.
1208 3885 1481 4020 expreffum.
1560 3889 1709 3989 Tanta
1733 3889 1831 4013 eJus
1855 3915 1961 3988 cum
1985 3885 2085 3984 Au·

696 4053 922 4156 doleonte
939 4046 1259 4164 conformitaS,
1284 4041 1376 4168 q‘ua
1397 4044 1542 4170 major
1578 4037 1669 4140 effe
1692 4043 1862 4167 nequit.
1940 4037 2086 4140 Com·

696 4211 845 4306 munia
872 4217 1147 4324 argumenta.
1224 4196 1407 4294 Eadem
1443 4192 1628 4314 moles,
1668 4191 1883 4324 pondus,
1922 4187 2097 4290 meta1·'

693 4355 818 4476 lum,
841 4345 1080 4454 artificium
1099 4337 1126 4467 ;¹
1153 4345 1230 4444 sed
1260 4342 1389 4474 quod
1424 4350 1490 4446 rei
1520 4346 1719 4465 summa,
1755 4342 1836 4444 vel
1865 4339 1964 4483 ipsa
1999 4345 2082 4441 tri·

689 4531 853 4638 quetra
889 4504 1023 4635 supra
1059 4499 1257 4626 equitem
1282 4487 1448 4617 adest,
1489 4495 1598 4599 solo
1632 4499 1922 4619 discrimine,
1952 4490 2082 4622 quod

658 4643 793 4768 'haec
833 4657 1145 4766 Audoleontis
1182 4677 1323 4750 numo
1359 4653 1508 4754 incusa
1544 4650 1619 4774 fit,
1649 4659 1695 4755 in
1728 4649 1879 4752 altero
1919 4635 2083 4749 formis

663 4819 912 4934 emineat,
949 4811 1197 4939 redeatque
1234 4803 1442 4908 secundo.
1518 4805 1649 4910 Num
1680 4801 1751 4906 tas
1787 4809 1875 4906 erit
1906 4799 2083 4904 dubita·

690 4965 1150 5098 so-ampuuq-qum
1176 4983 1370 5092 uterque
1399 4991 1558 5066 numus
1590 4961 1651 5065 sm
1696 4964 1846 5080 minus
1884 4956 1947 5057 ad
1980 4985 2082 5108 ean¹

1874 5101 2008 5229 dem,
