5242 6509
481 1349 716 1368 Ἣ

494 1375 684 1466 Tnnvun

555 1491 606 1578 Π.

521 1605 569 1690 N·
605 1629 671 1688 ιο.

520 2171 570 2260 N.
607 2197 671 2265 11.

743 1098 811 1196 M
1202 1137 1608 1234 nnau1n

993 1374 1181 1480 nunu
1209 1378 1613 1489 nonnonvnn
1630 1303 1871 1504 'sncvnu
1969 1477 1975 1486 .

890 1625 1050 1778 Caput
1086 1639 1213 1764 equi:
1242 1667 1330 1764 per
1353 1670 1518 1798 aream·
1534 1647 1620 1743 tria
1642 1649 1811 1774 penna
1866 1633 2109 1768 )(Pa1na.

1827 1832 1947 1918 an
1977 1833 2045 1918 111,
2208 1868 2210 1871 ·

1370 1922 1435 2010 ,ᾗ
1503 1912 1507 1920 .

1190 2027 1195 2040 ’
1292 2033 1326 2105 n
1510 2037 1544 2106 a

887 2245 1043 2372 Caput
1074 2247 1363 2377 Proserpinae
1395 2260 1474 2353 vel
1504 2207 1688 2354 Cererie
1721 2257 1864 2350 tribus
1889 2245 2111 2379 delphinis

729 2393 1069 2518 circumdatum.
1144 2390 1193 2537 )(
1230 2401 1386 2538 Caput
1412 2408 1516 2533 equi
1544 2408 1591 2504 &
1622 2401 1798 2564 puina:
1827 2400 1980 2522 subtus
2008 2399 2112 2502 duae

723 2543 869 2648 literae
892 2549 1090 2696 Punicae.
2133 2653 2137 2662 ,

1869 2701 1994 2786 ΑΚῦξ
2020 2705 2053 2789 l.

874 2953 1084 3048 ‘Aureum
1130 2961 1449 3044 nomismation
1489 2981 1733 3068 granorum
1778 2979 1864 3055 xv.
1905 2953 2111 3055 Artificii

718 3120 867 3197 tamen
905 3124 960 3194 ac
997 3093 1234 3221 elegantiae
1265 3094 1596 3191 consummatae.
1668 3095 1940 3219 Carthagini
1979 3105 2111 3200 fimjl.

714 3247 872 3349 limum
906 3244 1083 3348 addixit
1118 3241 1534 3346 Reverendillunus
1554 3245 1801 3372 'Dominus
1838 3247 2002 3373 Baycr
2033 3245 2105 3380 f)

367 3457 373 3466 ‚
559 3457 564 3464 ·
715 3431 925 3531 magnum
958 3408 1003 3498 in
1036 3395 1269 3528 republica
1309 3398 1508 3498 literana
1543 3424 1726 3500 nomen.
1774 3424 1778 3438 ·
1825 3397 1936 3526 Ego
1982 3426 2102 3496 vero
2193 3434 2202 3448 ⁴

717 3572 768 3649 ut
797 3549 1224 3678 Carthaginienssum
1252 3581 1372 3680 opus
1397 3548 1621 3680 agnoscn',
1645 3548 1706 3648 fic
1734 3547 1792 3646 a‘b
1828 3549 1987 3650 iisdem
2021 3552 2105 3649 Pa·

716 3707 894 3824 normi',·
918 3707 963 3800 in
989 3702 1137 3802 Sicilia
1159 3701 1341 3828 quidem
1366 3723 1497 3803 certo
1527 3703 1683 3803 flatum
1716 3703 1936 3802 existnno.
1986 3698 2104 3840 Ejus

714 3851 864 3978 inlulae
894 3855 1034 3957 testes
1066 3859 1153 3964 tria
1186 3884 1272 3982 per
1300 3883 1453 3956 aream
1488 3863 1648 3985 puncla
1684 3855 1757 3956 leu
1788 3853 1992 3982 globuli,
2019 3851 2105 3953 ob·

714 4013 779 4104 vii
810 4011 855 4103 in
876 4007 1026 4108 Sicula
1058 4025 1268 4126 moneta,
1295 4007 1467 4130 quibus·
1487 4013 1683 4136 pretium
1714 4008 1796 4105 vel
1825 4007 2013 4134 pondus.
2035 4010 2101 4108 in-

628 4281 631 4286 .
713 4159 903 4258 dicatur.
1004 4163 1259 4259 Panormus
1306 4174 1459 4256 autem
1509 4159 1673 4263 Siciliae
1718 4161 1904 4257 Punicae
1960 4173 2095 4284 caput
2212 4186 2215 4191 ·

708 4328 821 4410 erat.
898 4307 1063 4408 Talem
1090 4311 1318 4456 nurnulum
1344 4311 1511 4410 Paruta
1538 4341 1722 4442 quoque
1750 4307 1897 4433 vidit,
1920 4307 1997 4410 sed
2020 4334 2095 4405 un·

705 4466 875 4568 ciarum
902 4463 1026 4563 notis
1057 4459 1323 4579 destitutum.

859 4719 1015 4820 Etiam
1059 4733 1299 4847 argenteus
1339 4721 1468 4820 mirae
1503 4718 1826 4851 pulcritudinis.
1922 4696 2098 4817 P‘anor·
2217 4837 2222 4844 ¹

702 4899 853 4995 mum,
878 4901 935 4998 an
965 4873 1135 5014 Menas
1164 4878 1211 4978 in
1244 4872 1393 4982 Sicilia
1427 4876 1626 5008 spellent
1649 4873 1825 5019 ¹lnniles
1865 4872 2092 4983 tetradra·

709 5029 722 5052 ”
1640 5027 1644 5034 ’
1781 5027 2026 5156 *chana

738 5224 794 5325 s)
823 5225 896 5302 Del
914 5221 1086 5306 Allabeto
1106 5247 1134 5320 y
1155 5225 1299 5320 Lengua
1324 5229 1371 5305 de
1389 5231 1445 5306 los
1461 5229 1612 5308 Fenices
1628 5255 1664 5330 p.
1686 5232 1783 5342 367,
