<?xml version="1.0" encoding="UTF-8"?>
<!DOCTYPE html PUBLIC "-//W3C//DTD XHTML 1.0 Transitional//EN"
    "http://www.w3.org/TR/xhtml1/DTD/xhtml1-transitional.dtd">
<html xmlns="http://www.w3.org/1999/xhtml" xml:lang="en" lang="en">
 <head>
  <title>
</title>
<meta http-equiv="Content-Type" content="text/html;charset=utf-8" />
  <meta name='ocr-system' content='tesseract 3.04.00' />
  <meta name='ocr-capabilities' content='ocr_page ocr_carea ocr_par ocr_line ocrx_word'/>
</head>
<body>
  <div class='ocr_page' id='page_1' title='image "./populorumetregu00neumgoog_0192.png"; bbox 0 0 5242 6509; ppageno 0'>
   <div class='ocr_carea' id='block_1_1' title="bbox 1046 1312 1484 1488">
    <p class='ocr_par' dir='ltr' id='par_1_1' title="bbox 1046 1312 1484 1488">
     <span class='ocr_line' id='line_1_1' title="bbox 1293 1312 1379 1399; baseline 0 -20"><span class='ocrx_word' id='word_1_1' title='bbox 1293 1312 1379 1399; x_wconf 46' lang='lat' dir='ltr'>„u</span> 
     </span>
     <span class='ocr_line' id='line_1_2' title="bbox 1046 1400 1484 1488; baseline 0 -20"><span class='ocrx_word' id='word_1_2' title='bbox 1046 1400 1484 1488; x_wconf 62' lang='lat' dir='ltr'>‚ra</span> 
     </span>
    </p>
   </div>
   <div class='ocr_carea' id='block_1_2' title="bbox 679 1605 2078 1917">
    <p class='ocr_par' dir='ltr' id='par_1_2' title="bbox 679 1605 2078 1917">
     <span class='ocr_line' id='line_1_3' title="bbox 778 1605 2078 1766; baseline 0.012 -42"><span class='ocrx_word' id='word_1_3' title='bbox 778 1605 785 1619; x_wconf 72' lang='grc'><strong>’</strong></span> <span class='ocrx_word' id='word_1_4' title='bbox 835 1614 947 1726; x_wconf 58' lang='grc' dir='ltr'>κοινᾷ</span> <span class='ocrx_word' id='word_1_5' title='bbox 983 1628 1185 1730; x_wconf 69' lang='lat' dir='ltr'>Victoria</span> <span class='ocrx_word' id='word_1_6' title='bbox 1218 1632 1331 1731; x_wconf 89' lang='lat' dir='ltr'>stans</span> <span class='ocrx_word' id='word_1_7' title='bbox 1366 1607 1424 1732; x_wconf 57' lang='lat' dir='ltr'>d(</span> <span class='ocrx_word' id='word_1_8' title='bbox 1442 1661 1616 1737; x_wconf 86' lang='lat' dir='ltr'>ramum</span> <span class='ocrx_word' id='word_1_9' title='bbox 1645 1614 1781 1737; x_wconf 86' lang='lat' dir='ltr'>tenet.</span> <span class='ocrx_word' id='word_1_10' title='bbox 1834 1630 1889 1766; x_wconf 84' lang='lat'>)(</span> <span class='ocrx_word' id='word_1_11' title='bbox 1937 1631 2078 1739; x_wconf 77' lang='lat' dir='ltr'>Avia</span> 
     </span>
     <span class='ocr_line' id='line_1_4' title="bbox 679 1778 1436 1917; baseline 0.009 -42"><span class='ocrx_word' id='word_1_12' title='bbox 679 1778 1027 1908; x_wconf 79' lang='lat' dir='ltr'>retrospiciens,</span> <span class='ocrx_word' id='word_1_13' title='bbox 1051 1784 1097 1877; x_wconf 87' lang='lat' dir='ltr'>in</span> <span class='ocrx_word' id='word_1_14' title='bbox 1129 1808 1235 1885; x_wconf 85' lang='lat' dir='ltr'>area</span> <span class='ocrx_word' id='word_1_15' title='bbox 1264 1785 1436 1917; x_wconf 83' lang='lat' dir='ltr'>botrus.</span> 
     </span>
    </p>
   </div>
   <div class='ocr_carea' id='block_1_3' title="bbox 1779 1932 2003 2019">
    <p class='ocr_par' dir='ltr' id='par_1_3' title="bbox 1779 1932 2003 2019">
     <span class='ocr_line' id='line_1_5' title="bbox 1779 1932 2003 2019; baseline 0.018 -3"><span class='ocrx_word' id='word_1_16' title='bbox 1779 1932 1899 2016; x_wconf 78' lang='lat' dir='ltr'><strong>AER.</strong></span> <span class='ocrx_word' id='word_1_17' title='bbox 1929 1939 2003 2019; x_wconf 83' lang='lat' dir='ltr'>ut.</span> 
     </span>
    </p>
   </div>
   <div class='ocr_carea' id='block_1_4' title="bbox 659 2198 2228 4715">
    <p class='ocr_par' dir='ltr' id='par_1_4' title="bbox 659 2198 2228 4715">
     <span class='ocr_line' id='line_1_6' title="bbox 843 2198 2067 2343; baseline 0.004 -38"><span class='ocrx_word' id='word_1_18' title='bbox 843 2198 954 2305; x_wconf 87' lang='lat' dir='ltr'>Hos</span> <span class='ocrx_word' id='word_1_19' title='bbox 979 2234 1143 2307; x_wconf 88' lang='lat' dir='ltr'>numos</span> <span class='ocrx_word' id='word_1_20' title='bbox 1172 2212 1450 2311; x_wconf 83' lang='lat' dir='ltr'>Froelichius</span> <span class='ocrx_word' id='word_1_21' title='bbox 1469 2215 1701 2343; x_wconf 78' lang='lat' dir='ltr'><strong>Corcyrae</strong></span> <span class='ocrx_word' id='word_1_22' title='bbox 1715 2218 1880 2337; x_wconf 85' lang='lat' dir='ltr'>Nigrae</span> <span class='ocrx_word' id='word_1_23' title='bbox 1901 2211 2067 2310; x_wconf 77' lang='lat' dir='ltr'><strong>tribuit.</strong></span> 
     </span>
     <span class='ocr_line' id='line_1_7' title="bbox 684 2334 2069 2489; baseline 0.001 -32"><span class='ocrx_word' id='word_1_24' title='bbox 684 2334 741 2489; x_wconf 69' lang='lat' dir='ltr'>r)</span> <span class='ocrx_word' id='word_1_25' title='bbox 781 2357 880 2455; x_wconf 91' lang='lat' dir='ltr'>Pro</span> <span class='ocrx_word' id='word_1_26' title='bbox 906 2358 1123 2484; x_wconf 87' lang='lat' dir='ltr'>Corcyra</span> <span class='ocrx_word' id='word_1_27' title='bbox 1144 2360 1275 2489; x_wconf 86' lang='lat' dir='ltr'>Jonia</span> <span class='ocrx_word' id='word_1_28' title='bbox 1293 2360 1429 2462; x_wconf 87' lang='lat' dir='ltr'>serius</span> <span class='ocrx_word' id='word_1_29' title='bbox 1452 2360 1596 2459; x_wconf 84' lang='lat' dir='ltr'>edi-xit</span> <span class='ocrx_word' id='word_1_30' title='bbox 1615 2359 1907 2479; x_wconf 84' lang='lat' dir='ltr'>Pellerinius‚</span> <span class='ocrx_word' id='word_1_31' title='bbox 1932 2364 2069 2460; x_wconf 88' lang='lat' dir='ltr'>suam·</span> 
     </span>
     <span class='ocr_line' id='line_1_8' title="bbox 686 2507 2075 2649; baseline 0.005 -45"><span class='ocrx_word' id='word_1_32' title='bbox 686 2535 778 2633; x_wconf 89' lang='lat' dir='ltr'>que</span> <span class='ocrx_word' id='word_1_33' title='bbox 800 2508 1061 2607; x_wconf 85' lang='lat' dir='ltr'>sententiam</span> <span class='ocrx_word' id='word_1_34' title='bbox 1085 2513 1251 2610; x_wconf 87' lang='lat' dir='ltr'>iterato</span> <span class='ocrx_word' id='word_1_35' title='bbox 1270 2508 1473 2649; x_wconf 78' lang='lat' dir='ltr'>defendit</span> <span class='ocrx_word' id='word_1_36' title='bbox 1498 2507 1550 2643; x_wconf 86' lang='lat' dir='ltr'>t)</span> <span class='ocrx_word' id='word_1_37' title='bbox 1577 2513 1794 2612; x_wconf 86' lang='lat' dir='ltr'>adversus</span> <span class='ocrx_word' id='word_1_38' title='bbox 1816 2511 2075 2631; x_wconf 66' lang='lat' dir='ltr'>Rhemum,</span> 
     </span>
     <span class='ocr_line' id='line_1_9' title="bbox 688 2658 2076 2793; baseline 0.001 -35"><span class='ocrx_word' id='word_1_39' title='bbox 688 2664 770 2787; x_wconf 89' lang='lat' dir='ltr'>qui</span> <span class='ocrx_word' id='word_1_40' title='bbox 793 2662 833 2762; x_wconf 91' lang='lat' dir='ltr'>F</span> <span class='ocrx_word' id='word_1_41' title='bbox 835 2658 1031 2761; x_wconf 85' lang='lat' dir='ltr'>roeiichii</span> <span class='ocrx_word' id='word_1_42' title='bbox 1066 2684 1223 2793; x_wconf 89' lang='lat' dir='ltr'>partes</span> <span class='ocrx_word' id='word_1_43' title='bbox 1250 2680 1413 2761; x_wconf 91' lang='lat' dir='ltr'>tuetur.</span> <span class='ocrx_word' id='word_1_44' title='bbox 1464 2661 1520 2779; x_wconf 85' lang='lat' dir='ltr'>u)</span> <span class='ocrx_word' id='word_1_45' title='bbox 1551 2667 1670 2788; x_wconf 17' lang='lat' dir='ltr'>‘Nos</span> <span class='ocrx_word' id='word_1_46' title='bbox 1708 2692 1796 2761; x_wconf 90' lang='lat' dir='ltr'>non</span> <span class='ocrx_word' id='word_1_47' title='bbox 1829 2664 1942 2764; x_wconf 86' lang='lat' dir='ltr'>istud</span> <span class='ocrx_word' id='word_1_48' title='bbox 1979 2668 2076 2791; x_wconf 83' lang='lat' dir='ltr'>agi·</span> 
     </span>
     <span class='ocr_line' id='line_1_10' title="bbox 691 2798 2077 2951; baseline -0.002 -32"><span class='ocrx_word' id='word_1_49' title='bbox 691 2842 822 2938; x_wconf 74' lang='lat' dir='ltr'>mua,</span> <span class='ocrx_word' id='word_1_50' title='bbox 857 2834 908 2916; x_wconf 89' lang='lat' dir='ltr'>ut</span> <span class='ocrx_word' id='word_1_51' title='bbox 939 2838 1205 2945; x_wconf 83' lang='lat' dir='ltr'>argumenta</span> <span class='ocrx_word' id='word_1_52' title='bbox 1222 2822 1267 2915; x_wconf 88' lang='lat' dir='ltr'>in</span> <span class='ocrx_word' id='word_1_53' title='bbox 1296 2798 1542 2951; x_wconf 60' lang='lat' dir='ltr'>utranatiue.</span> <span class='ocrx_word' id='word_1_54' title='bbox 1557 2838 1737 2944; x_wconf 86' lang='lat' dir='ltr'>partem</span> <span class='ocrx_word' id='word_1_55' title='bbox 1759 2814 1942 2943; x_wconf 80' lang='lat' dir='ltr'>prolata</span> <span class='ocrx_word' id='word_1_56' title='bbox 1964 2842 2077 2941; x_wconf 85' lang='lat' dir='ltr'>veu-</span> 
     </span>
     <span class='ocr_line' id='line_1_11' title="bbox 691 2962 2228 3093; baseline 0.004 -34"><span class='ocrx_word' id='word_1_57' title='bbox 691 2962 884 3059; x_wconf 89' lang='lat' dir='ltr'>tilemus.</span> <span class='ocrx_word' id='word_1_58' title='bbox 964 2966 1157 3083; x_wconf 85' lang='lat' dir='ltr'>Alioqui</span> <span class='ocrx_word' id='word_1_59' title='bbox 1182 2974 1326 3059; x_wconf 86' lang='lat' dir='ltr'>totius</span> <span class='ocrx_word' id='word_1_60' title='bbox 1359 2972 1426 3057; x_wconf 89' lang='lat' dir='ltr'>rei</span> <span class='ocrx_word' id='word_1_61' title='bbox 1446 2965 1621 3077; x_wconf 82' lang='lat' dir='ltr'>cardo,</span> <span class='ocrx_word' id='word_1_62' title='bbox 1638 2966 1953 3067; x_wconf 87' lang='lat' dir='ltr'>consentiente</span> <span class='ocrx_word' id='word_1_63' title='bbox 1969 2997 2084 3093; x_wconf 90' lang='lat' dir='ltr'>quo·</span> <span class='ocrx_word' id='word_1_64' title='bbox 2222 3018 2228 3028; x_wconf 92' lang='lat'><strong>·</strong></span> 
     </span>
     <span class='ocr_line' id='line_1_12' title="bbox 690 3102 2087 3233; baseline 0.011 -31"><span class='ocrx_word' id='word_1_65' title='bbox 690 3135 783 3233; x_wconf 89' lang='lat' dir='ltr'>que</span> <span class='ocrx_word' id='word_1_66' title='bbox 818 3102 1066 3205; x_wconf 85' lang='lat' dir='ltr'>Pellerinio</span> <span class='ocrx_word' id='word_1_67' title='bbox 1080 3178 1095 3227; x_wconf 88' lang='lat'><em>,</em></span> <span class='ocrx_word' id='word_1_68' title='bbox 1138 3112 1184 3203; x_wconf 88' lang='lat' dir='ltr'>in</span> <span class='ocrx_word' id='word_1_69' title='bbox 1219 3136 1279 3205; x_wconf 88' lang='lat' dir='ltr'>eo</span> <span class='ocrx_word' id='word_1_70' title='bbox 1319 3111 1538 3224; x_wconf 80' lang='lat' dir='ltr'>vertitur,</span> <span class='ocrx_word' id='word_1_71' title='bbox 1573 3136 1632 3205; x_wconf 90' lang='lat' dir='ltr'>an</span> <span class='ocrx_word' id='word_1_72' title='bbox 1665 3110 1922 3231; x_wconf 83' lang='lat' dir='ltr'>hujusmodi</span> <span class='ocrx_word' id='word_1_73' title='bbox 1964 3122 2087 3218; x_wconf 86' lang='lat' dir='ltr'>numi</span> 
     </span>
     <span class='ocr_line' id='line_1_13' title="bbox 692 3255 2086 3389; baseline 0.003 -30"><span class='ocrx_word' id='word_1_74' title='bbox 692 3262 815 3388; x_wconf 83' lang='lat' dir='ltr'>saepe</span> <span class='ocrx_word' id='word_1_75' title='bbox 856 3287 912 3357; x_wconf 90' lang='lat' dir='ltr'>ac</span> <span class='ocrx_word' id='word_1_76' title='bbox 943 3255 1210 3383; x_wconf 85' lang='lat' dir='ltr'>frequenter</span> <span class='ocrx_word' id='word_1_77' title='bbox 1250 3274 1463 3360; x_wconf 87' lang='lat' dir='ltr'>eruantur</span> <span class='ocrx_word' id='word_1_78' title='bbox 1496 3288 1553 3357; x_wconf 85' lang='lat' dir='ltr'>ea</span> <span class='ocrx_word' id='word_1_79' title='bbox 1584 3258 1678 3388; x_wconf 87' lang='lat' dir='ltr'>ipsa</span> <span class='ocrx_word' id='word_1_80' title='bbox 1712 3264 1757 3357; x_wconf 91' lang='lat' dir='ltr'>in</span> <span class='ocrx_word' id='word_1_81' title='bbox 1790 3260 1949 3382; x_wconf 81' lang='lat' dir='ltr'>insula,</span> <span class='ocrx_word' id='word_1_82' title='bbox 1981 3294 2086 3389; x_wconf 86' lang='lat' dir='ltr'>quae</span> 
     </span>
     <span class='ocr_line' id='line_1_14' title="bbox 697 3409 2083 3537; baseline 0.001 -26"><span class='ocrx_word' id='word_1_83' title='bbox 697 3410 811 3511; x_wconf 88' lang='lat' dir='ltr'>olim</span> <span class='ocrx_word' id='word_1_84' title='bbox 845 3412 1069 3537; x_wconf 83' lang='lat' dir='ltr'><strong>Corcyra</strong></span> <span class='ocrx_word' id='word_1_85' title='bbox 1094 3412 1269 3537; x_wconf 85' lang='lat' dir='ltr'>Nigra,</span> <span class='ocrx_word' id='word_1_86' title='bbox 1304 3409 1448 3510; x_wconf 87' lang='lat' dir='ltr'>modo</span> <span class='ocrx_word' id='word_1_87' title='bbox 1475 3410 1682 3513; x_wconf 88' lang='lat' dir='ltr'>Curzola</span> <span class='ocrx_word' id='word_1_88' title='bbox 1711 3431 1928 3516; x_wconf 86' lang='lat' dir='ltr'>vocatur.</span> <span class='ocrx_word' id='word_1_89' title='bbox 2004 3414 2083 3513; x_wconf 92' lang='lat' dir='ltr'>De</span> 
     </span>
     <span class='ocr_line' id='line_1_15' title="bbox 659 3561 2089 3695; baseline -0.001 -32"><span class='ocrx_word' id='word_1_90' title='bbox 659 3562 791 3664; x_wconf 53' lang='lat' dir='ltr'>1hoc</span> <span class='ocrx_word' id='word_1_91' title='bbox 830 3561 957 3695; x_wconf 76' lang='lat' dir='ltr'>simul</span> <span class='ocrx_word' id='word_1_92' title='bbox 992 3588 1047 3655; x_wconf 90' lang='lat' dir='ltr'>ac</span> <span class='ocrx_word' id='word_1_93' title='bbox 1086 3562 1375 3681; x_wconf 80' lang='lat' dir='ltr'>constiterit,</span> <span class='ocrx_word' id='word_1_94' title='bbox 1417 3562 1638 3659; x_wconf 86' lang='lat' dir='ltr'>constabit</span> <span class='ocrx_word' id='word_1_95' title='bbox 1668 3571 1843 3693; x_wconf 78' lang='lat' dir='ltr'>etiam,</span> <span class='ocrx_word' id='word_1_96' title='bbox 1889 3568 1993 3687; x_wconf 91' lang='lat' dir='ltr'>quis</span> <span class='ocrx_word' id='word_1_97' title='bbox 2019 3594 2089 3661; x_wconf 84' lang='lat' dir='ltr'>re·</span> 
     </span>
     <span class='ocr_line' id='line_1_16' title="bbox 695 3707 2087 3846; baseline 0.001 -38"><span class='ocrx_word' id='word_1_98' title='bbox 695 3715 806 3809; x_wconf 76' lang='lat' dir='ltr'>ttius</span> <span class='ocrx_word' id='word_1_99' title='bbox 844 3710 1036 3807; x_wconf 84' lang='lat' dir='ltr'>senserit.</span> <span class='ocrx_word' id='word_1_100' title='bbox 1125 3712 1281 3846; x_wconf 88' lang='lat' dir='ltr'>Quare</span> <span class='ocrx_word' id='word_1_101' title='bbox 1311 3707 1415 3806; x_wconf 92' lang='lat' dir='ltr'>huic</span> <span class='ocrx_word' id='word_1_102' title='bbox 1452 3709 1599 3811; x_wconf 90' lang='lat' dir='ltr'>solum</span> <span class='ocrx_word' id='word_1_103' title='bbox 1628 3710 1870 3812; x_wconf 76' lang='lat' dir='ltr'>insistentes</span> <span class='ocrx_word' id='word_1_104' title='bbox 1906 3712 2087 3838; x_wconf 80' lang='lat' dir='ltr'>perista-</span> 
     </span>
     <span class='ocr_line' id='line_1_17' title="bbox 695 3849 2091 3987; baseline -0.004 -26"><span class='ocrx_word' id='word_1_105' title='bbox 695 3863 759 3983; x_wconf 68' lang='grc' dir='ltr'>ᾗ,</span> <span class='ocrx_word' id='word_1_106' title='bbox 779 3859 1013 3962; x_wconf 87' lang='lat' dir='ltr'>audiamus</span> <span class='ocrx_word' id='word_1_107' title='bbox 1038 3860 1204 3977; x_wconf 87' lang='lat' dir='ltr'>Viros,</span> <span class='ocrx_word' id='word_1_108' title='bbox 1221 3859 1383 3984; x_wconf 92' lang='lat' dir='ltr'>quibus</span> <span class='ocrx_word' id='word_1_109' title='bbox 1412 3888 1547 3960; x_wconf 88' lang='lat' dir='ltr'>nemo</span> <span class='ocrx_word' id='word_1_110' title='bbox 1575 3849 1705 3977; x_wconf 83' lang='lat' dir='ltr'>facile</span> <span class='ocrx_word' id='word_1_111' title='bbox 1733 3862 1870 3958; x_wconf 87' lang='lat' dir='ltr'>fidem</span> <span class='ocrx_word' id='word_1_112' title='bbox 1892 3889 2091 3987; x_wconf 83' lang='lat' dir='ltr'>negave-</span> 
     </span>
     <span class='ocr_line' id='line_1_18' title="bbox 703 4010 2093 4143; baseline -0.003 -32"><span class='ocrx_word' id='word_1_113' title='bbox 703 4017 779 4111; x_wconf 86' lang='lat' dir='ltr'>rit.</span> <span class='ocrx_word' id='word_1_114' title='bbox 863 4012 1006 4143; x_wconf 87' lang='lat' dir='ltr'>Prior</span> <span class='ocrx_word' id='word_1_115' title='bbox 1023 4013 1070 4107; x_wconf 90' lang='lat' dir='ltr'>in</span> <span class='ocrx_word' id='word_1_116' title='bbox 1103 4010 1301 4109; x_wconf 88' lang='lat' dir='ltr'>medium</span> <span class='ocrx_word' id='word_1_117' title='bbox 1338 4012 1536 4139; x_wconf 88' lang='lat' dir='ltr'>prodeat</span> <span class='ocrx_word' id='word_1_118' title='bbox 1575 4013 1643 4111; x_wconf 92' lang='lat' dir='ltr'><strong>Ill.</strong></span> <span class='ocrx_word' id='word_1_119' title='bbox 1676 4012 1856 4115; x_wconf 86' lang='lat' dir='ltr'>Comes</span> <span class='ocrx_word' id='word_1_120' title='bbox 1892 4010 2093 4114; x_wconf 87' lang='lat' dir='ltr'>Santoni·</span> 
     </span>
     <span class='ocr_line' id='line_1_19' title="bbox 703 4161 2093 4295; baseline -0.006 -32"><span class='ocrx_word' id='word_1_121' title='bbox 703 4169 789 4283; x_wconf 80' lang='lat' dir='ltr'>ni,</span> <span class='ocrx_word' id='word_1_122' title='bbox 827 4166 1104 4289; x_wconf 87' lang='lat' dir='ltr'>antiquitatis</span> <span class='ocrx_word' id='word_1_123' title='bbox 1132 4161 1326 4260; x_wconf 87' lang='lat' dir='ltr'>eruditae</span> <span class='ocrx_word' id='word_1_124' title='bbox 1361 4163 1515 4261; x_wconf 90' lang='lat' dir='ltr'>cultor</span> <span class='ocrx_word' id='word_1_125' title='bbox 1543 4167 1774 4295; x_wconf 83' lang='lat' dir='ltr'>egregius.</span> <span class='ocrx_word' id='word_1_126' title='bbox 1850 4163 1898 4260; x_wconf 91' lang='lat' dir='ltr'>Is</span> <span class='ocrx_word' id='word_1_127' title='bbox 1936 4189 2093 4257; x_wconf 87' lang='lat' dir='ltr'>coram</span> 
     </span>
     <span class='ocr_line' id='line_1_20' title="bbox 706 4305 2095 4441; baseline 0.001 -35"><span class='ocrx_word' id='word_1_128' title='bbox 706 4314 871 4441; x_wconf 80' lang='lat' dir='ltr'>saepius</span> <span class='ocrx_word' id='word_1_129' title='bbox 909 4330 1048 4433; x_wconf 90' lang='lat' dir='ltr'>atque</span> <span class='ocrx_word' id='word_1_130' title='bbox 1076 4318 1238 4412; x_wconf 84' lang='lat' dir='ltr'>iterum</span> <span class='ocrx_word' id='word_1_131' title='bbox 1270 4310 1568 4429; x_wconf 84' lang='lat' dir='ltr'>adfirmavit,</span> <span class='ocrx_word' id='word_1_132' title='bbox 1603 4342 1632 4409; x_wconf 91' lang='lat' dir='ltr'>a</span> <span class='ocrx_word' id='word_1_133' title='bbox 1665 4305 1935 4405; x_wconf 88' lang='lat' dir='ltr'>Curzolano</span> <span class='ocrx_word' id='word_1_134' title='bbox 1977 4338 2095 4407; x_wconf 86' lang='lat' dir='ltr'>rner-</span> 
     </span>
     <span class='ocr_line' id='line_1_21' title="bbox 702 4455 2099 4599; baseline -0.006 -30"><span class='ocrx_word' id='word_1_135' title='bbox 702 4483 868 4571; x_wconf 89' lang='lat' dir='ltr'>catore</span> <span class='ocrx_word' id='word_1_136' title='bbox 890 4458 1093 4599; x_wconf 85' lang='lat' dir='ltr'>oblatum</span> <span class='ocrx_word' id='word_1_137' title='bbox 1118 4460 1197 4567; x_wconf 85' lang='lat' dir='ltr'>fibi</span> <span class='ocrx_word' id='word_1_138' title='bbox 1216 4462 1441 4571; x_wconf 84' lang='lat' dir='ltr'>sacculum</span> <span class='ocrx_word' id='word_1_139' title='bbox 1470 4461 1583 4572; x_wconf 86' lang='lat' dir='ltr'>bene</span> <span class='ocrx_word' id='word_1_140' title='bbox 1609 4486 1827 4591; x_wconf 84' lang='lat' dir='ltr'>capacem</span> <span class='ocrx_word' id='word_1_141' title='bbox 1848 4455 2099 4579; x_wconf 81' lang='lat' dir='ltr'>fuisie‘Go·</span> 
     </span>
     <span class='ocr_line' id='line_1_22' title="bbox 1965 4642 2024 4715; baseline 0 -28"><span class='ocrx_word' id='word_1_142' title='bbox 1965 4642 2024 4715; x_wconf 70' lang='lat' dir='ltr'>n·</span> 
     </span>
    </p>
   </div>
   <div class='ocr_carea' id='block_1_5' title="bbox 676 4978 2102 5223">
    <p class='ocr_par' dir='ltr' id='par_1_5' title="bbox 676 4978 2102 5223">
     <span class='ocr_line' id='line_1_23' title="bbox 676 4978 2102 5100; baseline -0.001 -32"><span class='ocrx_word' id='word_1_143' title='bbox 676 5044 679 5051; x_wconf 18' lang='lat' dir='ltr'>a</span> <span class='ocrx_word' id='word_1_144' title='bbox 768 4996 806 5089; x_wconf 76' lang='lat' dir='ltr'>s)</span> <span class='ocrx_word' id='word_1_145' title='bbox 839 4978 1028 5079; x_wconf 71' lang='lat' dir='ltr'>Anniadv.</span> <span class='ocrx_word' id='word_1_146' title='bbox 1058 5002 1098 5073; x_wconf 92' lang='lat' dir='ltr'>in</span> <span class='ocrx_word' id='word_1_147' title='bbox 1124 5021 1230 5087; x_wconf 83' lang='lat' dir='ltr'>num.</span> <span class='ocrx_word' id='word_1_148' title='bbox 1256 4998 1332 5082; x_wconf 85' lang='lat' dir='ltr'>urb.</span> <span class='ocrx_word' id='word_1_149' title='bbox 1362 5021 1399 5096; x_wconf 86' lang='lat' dir='ltr'>p.</span> <span class='ocrx_word' id='word_1_150' title='bbox 1438 5018 1475 5082; x_wconf 86' lang='lat'>1.</span> <span class='ocrx_word' id='word_1_151' title='bbox 1532 4989 1571 5100; x_wconf 86' lang='lat' dir='ltr'>r)</span> <span class='ocrx_word' id='word_1_152' title='bbox 1602 4998 1693 5079; x_wconf 79' lang='lat' dir='ltr'>nec.</span> <span class='ocrx_word' id='word_1_153' title='bbox 1722 5018 1762 5076; x_wconf 81' lang='lat' dir='ltr'>r.</span> <span class='ocrx_word' id='word_1_154' title='bbox 1791 5020 1862 5074; x_wconf 88' lang='lat'>111.</span> <span class='ocrx_word' id='word_1_155' title='bbox 1890 5022 1927 5099; x_wconf 87' lang='lat' dir='ltr'>p.</span> <span class='ocrx_word' id='word_1_156' title='bbox 1967 5005 2036 5091; x_wconf 70' lang='lat'>50.</span> <span class='ocrx_word' id='word_1_157' title='bbox 2067 4996 2102 5067; x_wconf 74' lang='lat' dir='ltr'>ut</span> 
     </span>
     <span class='ocr_line' id='line_1_24' title="bbox 766 5101 1742 5223; baseline 0 -33"><span class='ocrx_word' id='word_1_158' title='bbox 766 5106 891 5223; x_wconf 68' lang='lat' dir='ltr'>suppl.</span> <span class='ocrx_word' id='word_1_159' title='bbox 911 5130 953 5207; x_wconf 78' lang='lat' dir='ltr'>p.</span> <span class='ocrx_word' id='word_1_160' title='bbox 973 5107 1041 5187; x_wconf 80' lang='lat'>62.</span> <span class='ocrx_word' id='word_1_161' title='bbox 1100 5101 1146 5207; x_wconf 82' lang='lat' dir='ltr'>u)</span> <span class='ocrx_word' id='word_1_162' title='bbox 1175 5116 1273 5213; x_wconf 81' lang='lat' dir='ltr'>Adp.</span> <span class='ocrx_word' id='word_1_163' title='bbox 1291 5118 1356 5198; x_wconf 78' lang='lat' dir='ltr'>tlt.</span> <span class='ocrx_word' id='word_1_164' title='bbox 1370 5113 1418 5192; x_wconf 78' lang='lat' dir='ltr'>td</span> <span class='ocrx_word' id='word_1_165' title='bbox 1436 5110 1561 5194; x_wconf 76' lang='lat' dir='ltr'>Gessu.</span> <span class='ocrx_word' id='word_1_166' title='bbox 1583 5134 1619 5215; x_wconf 83' lang='lat' dir='ltr'>p.</span> <span class='ocrx_word' id='word_1_167' title='bbox 1644 5109 1742 5193; x_wconf 85' lang='lat'>162.</span> 
     </span>
    </p>
   </div>
   <div class='ocr_carea' id='block_1_6' title="bbox 0 0 2660 6500">
    <p class='ocr_par' dir='ltr' id='par_1_6' title="bbox 0 0 2660 6500">
     <span class='ocr_line' id='line_1_25' title="bbox 0 0 2660 6500; baseline 0 0"><span class='ocrx_word' id='word_1_168' title='bbox 0 0 2660 6500; x_wconf 95' lang='lat' dir='ltr'> </span> 
     </span>
    </p>
   </div>
  </div>
 </body>
</html>
