5242 6509
945 1026 1507 1204 Ennoennn
1824 1067 1889 1170 m

466 1375 467 1378 ‘
518 1355 594 1456 ΐθ,
624 1347 680 1432 a'n
710 1339 864 1470 operis
899 1327 1151 1480 praestantia
1185 1336 1368 1462 majoris
1395 1333 1595 1434 aestimes.
1668 1319 1806 1429 'Artis
1834 1323 1899 1424 ia·
1915 1283 2152 1414 W

518 1521 576 1590 ne
598 1487 775 1590 deliciae
805 1487 905 1589 sunt
924 1522 1017 1614 eae,
1034 1517 1147 1620 quas
1178 1517 1409 1618 „nequeo
1435 1489 1718 1605 monstrare,
1739 1483 1899 1586 &sen
1967 1454 2085 1650 lek

516 1649 582 1742 tio
611 1659 796 1748 tantum.
816 1715 846 1763 ‚‚
2043 1657 2046 1662 -
2442 1774 2445 1869 x

2443 2306 2444 2391 i

669 1937 764 2036 Pan
798 1941 842 2036 in
873 1934 1064 2042 adversa
1088 1954 1221 2069 parte
1253 1932 1375 2037 haud
1400 1931 1548 2036 dubIe¹
1566 1932 1776 2064 fingitur,
1799 1919 1923 2036 ana«-

513 2087 625 2217 ioge
654 2086 873 2190 videlicet
909 2090 969 2190 ad
988 2089 1119 2190 urbis
1145 2115 1321 2189 nomen.
1399 2092 1473 2189 Ut
1506 2085 1650 2183 obvia
1685 2086 1774 2184 alia
1798 2095 1902 2185 mit·⁴

513 2257 639 2362 tam,
675 2235 940 2337 simillimum
977 2239 1240 2367 exemplum
1272 2239 1479 2365 praebent
1511 2234 1682 2335 denarii
1704 2237 1900 2357 C.-Pan·
1970 2305 1973 2309 ,

518 2373 606 2514 sae,
634 2381 831 2488 ¹hominis
863 2391 1091 2511 Romani,
1125 2395 1203 2518 qui
1233 2394 1406 2520 pariter
1437 2387 1499 2489 ob
1529 2393 1717 2488 nominis
1744 2388 1899 2488 adfini·

518 2560 657 2642 tatem
676 2541 983 2646 nonabfimile
1006 2548 1158 2646 Panos
1177 2563 1318 2674 caput
1345 2541 1575 2644 exhibent.
1653 2531 1767 2668 Ejus
1791 2547 1899 2641 ima·

513 2724 578 2825 go
616 2701 767 2796 variat
800 2701 846 2793 in
882 2702 1077 2817 antiquis
1108 2703 1441 2814 monumentis,
1472 2715 1525 2792 ut
1556 2693 1665 2790 nihil
1695 2723 1787 2790 non
1815 2723 1898 2811 va·

513 2853 818 2961 numaeque
841 2842 1093 2954 inconstans
1124 2837 1189 2936 est
1216 2843 1259 2937 in
1279 2861 1444 2940 vetere
1464 2841 1768 2971 mythologie.
1809 2843 1901 2941 Sae·

516 3017 640 3119 pea
684 2993 877 3106 Fauno,
919 2978 1157 3113 Satyrove
1172 3093 1178 3104 ,
1196 2989 1442 3091 difficulter
1469 2993 1716 3124 dignoscas.
1796 2994 1900 3101 Ple·

514 3167 705 3266 rumque
739 3138 949 3238 cornibus
986 3128 1214 3265 armatur;
1251 3149 1300 3242 δι
1341 3146 1608 3269 Homerus,
1641 3146 1821 3275 hymno
1854 3155 1900 3249 in
2060 3204 2068 3214 ·

513 3291 669 3412 Pana,
704 3290 774 3392 bis
798 3313 941 3392 vocat
966 3287 1163 3416 δικεςωτα
1204 3297 1496 3420 bicornem„
1571 3303 1756 3433 Horum
1789 3299 1901 3398 loco

515 3449 660 3542 acutis
692 3442 875 3545 auribus
906 3450 951 3544 in
983 3475 1121 3546 numo
1162 3450 1318 3551 nostro
1358 3452 1554 3590 gaudet,
1597 3447 1803 3584 adpofite
1840 3449 1902 3552 ad

515 3595 674 3696 Silium
700 3595 747 3735 t)
786 3597 845 3698 de
872 3629 934 3701 eo
969 3619 1230 3704 canentem:

516 3893 649 4022 Stant
692 3918 845 4062 annea,
869 3900 1137 4056 summoque
1186 3901 1310 4006 cadit
1345 3898 1488 4003 barba
1524 3895 1697 4027 hispida
1729 3915 1896 4001 mento.

709 4293 916 4430 Capilli,
967 4307 1033 4406 uti
1083 4301 1219 4409 decet
1263 4306 1439 4436 agreste
1476 4333 1685 4429 numm,
1745 4274 1916 4414 inculti

515 4450 564 4544 ἀ
588 4448 678 4552 sme
713 4449 842 4584 lege,
874 4489 1008 4589 paene
1039 4459 1104 4561 ad
1136 4479 1363 4568 terrorem
1394 4456 1551 4586 diffin,
1627 4461 1788 4592 Itaque
1826 4491 1900 4566 re·

1751 4619 1821 4714 &e

574 4977 608 5076 t)
637 4979 767 5062 Punic.
778 4986 941 5070 Laui.

1090 5095 1348 5214 'L'j
