5242 6509
341 1316 346 1324 .
415 1282 645 1338 ====

426 1344 612 1418 Tnavua

487 1455 585 1531 vin

470 1572 519 1654 N.
546 1582 587 1653 ε.

671 1083 775 1163 wa
1075 1086 1587 1197 ‘onnnc1n

666 1330 715 1424 dt
736 1347 791 1426 c:
825 1353 973 1454 Σιγμα
995 1330 1059 1427 uti
1085 1354 1113 1427 Σ
1138 1330 1186 1423 &
1210 1361 1239 1425 c
1260 1330 1305 1425 in
1340 1353 1479 1423 numo
1505 1348 1817 1425 arramocmu
1844 1311 1875 1378 *
1908 1319 2030 1422 duci·

661 1496 752 1580 tur.
794 1475 852 1593 x)
881 1476 1021 1580 Fallit
1050 1478 1334 1579 etiammale
1365 1496 1524 1576 cautos
1555 1478 1758 1607 persaepe
1797 1491 2033 1617 retrogra-

664 1628 750 1727 dus
775 1630 1005 1731 literarum
1034 1628 1184 1747 ordo,
1209 1662 1346 1755 quem
1372 1632 1526 1759 plures
1561 1632 1684 1727 numi
1718 1629 1930 1755 usurpant
1950 1660 2027 1757 pa·

662 1806 776 1876 rum.
789 1785 963 1885 vetusti.
1041 1785 1088 1882 E
1110 1780 1240 1881 turba
1261 1783 1376 1881 satis·
1395 1786 1496 1906 esto
1522 1780 1674 1883 citasse
1696 1808 1829 1878 unum
1865 1780 2036 1909 Siphni-

662 1960 792 2041 orum
832 1934 1004 2060 AEgaei·
1024 1939 1163 2030 maris
1182 1960 1205 2037 ;ι
1238 1928 1306 2069 y)
1341 1932 1532 2034 alterum
1580 1932 1839 2034 Meliorum
1881 1932 2040 2076 itidem

663 2084 821 2211 AEgaei
860 2089 1012 2185 maris.
1047 2080 1099 2200 a)
1127 2084 1287 2187 Ambo
1321 2089 1572 2190 retrorsum
1601 2087 1835 2208 scribunt,
1875 2086 1955 2183 etsr
1982 2088 2041 2217 de

653 2235 852 2358 reliquo>
875 2236 1070 2334 habeant
1116 2267 1276 2333 omnes
1317 2247 1590 2334 recentioris
1624 2243 1771 2332 aetatis
1813 2261 2039 2331 numeros

661 2388 920 2485 Postremus
939 2417 1000 2487 eo
1030 2384 1402 2501 memorabilior,
1432 2384 1560 2512 quod
1585 2382 1737 2483 insulae
1771 2412 1939 2482 nomen
1956 2374 2042 2482 uua

662 2556 796 2663 parte
838 2539 1156 2668 retrogrado,
1218 2535 1306 2639 alia
1347 2544 1492 2645 reno,
1533 2536 1806 2665 profiteatur
1868 2536 2044 2636 ordine.
2124 2628 2131 2639 .

662 2686 815 2819 Ipsum
836 2691 951 2794 adeo
972 2696 1205 2823 scripturae
1233 2718 1374 2817 genus
1397 2686 1663 2813 βεςςοφηὸον
1681 2689 1949 2816 quibusdam
1973 2718 2042 2817 re

665 2846 968 2967 certioribus,
992 2853 1096 2969 quin
1131 2850 1266 2945 etiam
1290 2848 1599 2974 imperatoriis
1636 2830 1830 2941 monetis
1860 2841 2043 2971 placuit

664 2989 804 3095 Unde
821 2996 916 3106 jam
939 2992 1123 3105 isthaec„
1151 2995 1226 3081 nisi
1255 3022 1336 3085 ex⁴
1356 2993 1580 3087 artificum
1600 2975 1821 3128 arbitr10‚
1860 2990 2045 3125 ingestio

662 3140 825 3253 vario,
843 3132 1078 3259 studioque
1097 3150 1324 3267 remotam
1344 3136 1590 3254 adfectandi
1617 3142 1903 3261 vetustatem,
1920 3143 2047 3269 qu'od
2083 3137 2085 3140 ’

665 3288 787 3421 apud
810 3287 1054 3389 Graeculos
1078 3286 1285 3389 homines
1313 3286 1519 3420 profecto
1544 3273 1761 3393 summum
1794 3313 1922 3411 erat,
1943 3324 2064 3416 cun„

666 3451 833 3563 diisque
865 3443 1043 3539 abunde
1063 3463 1191 3562 patet
1211 3443 1294 3536 vel
1306 3442 1515 3536 Herodis
1533 3442 1679 3547 Attici
1700 3444 1843 3568 Γιᾶο,
1866 3452 1945 3574 qui
1975 3447 2049 3548 an·

666 3593 885 3705 tiquitatis
918 3612 972 3676 ac
996 3581 1432 3703 illustrisquondam
1464 3592 1627 3708 patriae
1652 3598 1806 3679 cultor
1831 3601 2048 3703 eximium

667 3760 791 3859 quas
818 3730 966 3864 posuit
989 3729 1224 3831 columnas
1256 3727 1455 3855 malebat
1488 3731 1630 3833 literis
1666 3733 1939 3863 pervetustis
1962 3734 2052 3845 At·

669 3892 772 3986 ticis
793 3884 1000 4003 inscribi,
1036 3914 1170 4012 quam
1189 3889 1268 4009 qui
1291 3883 1368 3982 suo
1394 3883 1606 3994 valebant
1630 3915 1764 4005 aevo,
1793 3877 1960 4014 nempe
1973 3883 2053 3985 sub

668 4048 844 4143 initium
865 4036 1011 4153 ¹seculi
1044 4038 1226 4142 secundi
1262 4036 1366 4171 post
1390 4036 1616 4139 Christum
1645 4057 1812 4140 natum
1870 4038 2056 4165 ‚Itaque

687 4222 693 4237 ·
1888 4217 1981 4284 ma·

732 4506 768 4557 *¹
783 4510 895 4607 Hujus
919 4514 943 4589 st
972 4515 1078 4611 copia
1111 4523 1206 4592 numi
1240 4520 1354 4609 suisset
1381 4519 1613 4595 celeberrimo
1646 4515 1959 4613 Winkelmanno,
1986 4544 2062 4596 non

731 4636 856 4737 utique
877 4652 1049 4725 gemmam
1068 4633 1217 4729 aliquam
1237 4635 1315 4709 doli
1333 4632 1490 4725 arguisset
1511 4656 1558 4709 eo
1588 4636 1724 4727 capite,
1745 4637 1843 4735 quod
1865 4637 2064 4731 inscriptio·

735 4752 788 4827 nis
806 4750 908 4844 sagma
921 4771 957 4823 a
980 4748 1053 4823 &c
1078 4742 1255 4839 figuratur.
1284 4746 1506 4849 Galchichte·
1522 4748 1586 4824 der
1605 4746 1729 4825 Kunst.
1751 4746 1869 4831 Wlea
1903 4772 1966 4827 11.
1986 4750 2059 4827 Th.

627 4881 651 4957 1
673 4948 689 4961 ,,
739 4862 894 4957 anon.

704 4974 785 5081 px)
813 4977 857 5058 L.
884 4996 918 5053 c.
947 4998 982 5072 p.
1012 4985 1083 5065 51.
1126 4967 1380 5080 y)‚Pelletin
1407 4974 1501 5057 Rac.
1527 4991 1565 5055 τ.
1596 4999 1690 5057 ιιι.
1727 4978 1776 5081 pl.
1807 4994 1923 5060 ertu.
1949 4966 1998 5059 ιζ
2021 4977 2057 5059 6.

741 5082 787 5193 ζ)
816 5088 858 5175 L.
878 5092 981 5189 opi·
1000 5108 1080 5164 cru.
1099 5110 1140 5175 n.
1167 5110 1203 5175 1.
1609 5137 1613 5143 ·
