5242 6509
707 1067 820 1165 106'
1127 1083 1168 1170 'n
1207 1105 1242 1171 u
1279 1107 1317 1216 n
1357 1101 1388 1166 n
1427 1103 1458 1167 c
1496 1103 1517 1170 1
1554 1105 1589 1167 a

437 1253 679 1314 a·
784 1223 792 1260 '
1089 1233 1091 1238 '

460 1309 652 1498 „sappum
707 1321 1056 1453 Cassandream,
1076 1332 1156 1434 vel
1190 1355 1347 1462 regern
1368 1333 1664 1439 Cassandrum
1686 1340 1867 1439 innuere
1892 1337 2074 1441 videba-

464 1492 468 1502 ’
506 1535 556 1628 Ν,
586 1471 657 1630 ᾗ,
704 1500 790 1580 tur.
866 1485 1038 1584 Verum
1074 1517 1126 1590 re
1155 1491 1299 1617 magis
1330 1491 1573 1620 perpensa,
1605 1508 1745 1615 atque
1767 1519 1860 1620 ope
1890 1490 2080 1590 aliorum

571 1641 577 1652 '
707 1663 946 1738 numorum
974 1639 1362 1766 adjuti‚·mentem
1392 1647 1689 1760 mutavimus,
1709 1639 1947 1764 relictaque
1973 1642 2080 1762 Ma:
2166 1625 2170 1635 ’

712 1785 904 1885 cedonia
937 1789 1146 1906 Callatiae
1159 1783 1185 1913 ,¹
1202 1785 1423 1886 inferioris
1448 1791 1632 1920 Moesiae
1667 1788 1765 1889 urbi
1800 1820 1950 1921 prope
1982 1789 2080 1888 To·
2198 1823 2202 1828 ’

561 1939 564 1944 ‘
659 2067 663 2080 ¹
710 1963 815 2039 mos
846 1932 1117 2037 adhaesimus.
1203 1939 1270 2039 Et
1301 1969 1422 2039 vero
1455 1969 1543 2070 pro
1578 1942 1665 2041 hac
1699 1941 1814 2039 stant
1854 1937 2083 2070 perillales

709 2119 853 2214 quam·
878 2086 1094 2211 plurimae.
1196 2091 1411 2193 Solitaria-
1443 2093 1575 2194 litera
1611 2127 1645 2191 rr
1673 2105 1923 2191 numurus
1944 2095 2084 2180 initia·

710 2239 767 2340 lis
790 2237 1000 2356 videtur,
1024 2262 1080 2332 ac
1107 2267 1273 2336 revera
1290 2247 1425 2361 juxta
1463 2245 1649 2336 Cereris
1684 2253 1932 2362 protomen
1971 2259 2082 2330 con·

712 2379 895 2514 spicitur
931 2391 975 2483 in
1008 2385 1200 2512 quadam
1237 2388 1329 2510 eJ'us
1355 2385 1478 2486 urbis
1515 2393 1712 2484 moneta
1740 2382 1864 2512 apud
1898 2381 2087 2483 Pellen-

710 2541 831 2672 nium
847 2529 917 2660 f)
941 2542 1106 2662 quaein
1130 2539 1299 2671 postica
1319 2557 1449 2668 parte
1471 2566 1846 2637 nunna-smnus
1863 2540 2087 2665 integrum

712 2715 878 2788 nomen
898 2693 1093 2819 repetit,
1159 2691 1270 2792 Alia
1303 2688 1426 2817 apud
1457 2689 1652 2789 eundem
1686 2691 1939 2788 Audorem
1973 2689 2088 2828 inter,

712 2838 896 2940 clavam
919 2847 968 2940 δι
1000 2859 1220 2966 corutum
1244 2837 1442 2938 inscribit
1466 2871 1704 2941 mannus.
1778 2834 1871 2934 Sed
1895 2842 2094 2962 onmium

712 2989 912 3085 maxime
940 2983 1029 3076 huc
1062 2987 1277 3076 conducit
1308 3009 1468 3074 numus
1506 2982 1755 3100 Golzianus
1780 2984 1853 3108 g)
1891 2991 2094 3108 ineptea

645 3173 665 3228 ν
715 3127 909 3232 Nunnio
929 3125 1111 3226 Galatis
1138 3126 1350 3226 Asiaticis
1380 3125 1650 3256 adscriptus,
1670 3129 1749 3251 qui
1765 3125 1930 3252 singula
1955 3131 2094 3225 omni·
2196 3197 2206 3214 .

715 3310 781 3380 no
818 3278 967 3408 dgna,
999 3275 1160 3405 quibus
1191 3277 1340 3378 noster
1371 3277 1604 3396 abundat,
1641 3280 1845 3404 spicam,
1874 3295 2092 3405 corytum

720 3461 824 3531 cum
847 3459 980 3547 arcu,
1010 3435 1058 3527 &
1088 3429 1270 3530 clavam
1304 3421 1496 3530 ¹euhibet
1533 3429 1707 3554 adjectu
1746 3427 1868 3559 urbis
1899 3433 2093 3528 nomine.

621 3617 624 3624 ²
718 3582 764 3686 ls
799 3597 848 3674 ut
881 3581 1057 3707 plenam
1088 3578 1234 3682 lucem
1267 3584 1420 3683 nostro
1445 3577 1673 3682 adfundit:
1706 3579 1768 3675 fic
1800 3581 1987 3678 vicillnn
2012 3605 2096 3672 no·

538 3713 557 3784 ²
605 3751 606 3756 ‘
719 3731 814 3827 stro
830 3730 922 3852 jam
943 3726 1080 3828 debet
1103 3726 1297 3825 indubiae
1323 3728 1429 3827 fidei
1449 3735 1783 3849 autloritatem,
1813 3727 1874 3827 de
1890 3755 1980 3854 qua
2004 3753 2097 3822 non
2130 3718 2133 3723 ’

727 3883 958 3980 immerito
977 3903 1109 3977 antea
1134 3877 1445 4002 dubitabatur,
1479 3900 1531 3980 ut
1553 3874 1650 3982 fere
1674 3881 1853 4006 sulpetii
1878 3867 2100 3975 habentur

620 4111 623 4120 Α
662 4134 668 4147 ,
711 4032 845 4127 ¹numi
874 4057 1057 4147 omnes,
1089 4055 1283 4154 quorum
1303 4059 1461 4164 praeco
1494 4031 1615 4127 solus
1642 4031 1844 4144 Golm'us
1870 4032 1947 4161 elb
2025 4022 2103 4123 Cl.

727 4175 911 4302 Eckhel
952 4176 1005 4293 h)
1024 4181 1211 4307 pariter
1247 4198 1538 4276 autonomum
1571 4177 1717 4299 hujus,
1739 4179 1860 4270 urbis
1893 4183 2031 4285 citat,
2055 4175 2101 4263 in

553 4423 556 4430 .
727 4326 850 4449 eujus
884 4329 1043 4422 aversa
1086 4346 1180 4426 tres
1214 4331 1348 4458 spicae
1381 4331 1638 4455 germinant.
1712 4306 1923 4419 Duas&
1960 4318 2101 4428 uicini

726 4469 930 4574 Tomitae
960 4474 1193 4608 signarunt
1228 4477 1268 4620 i)
1313 4479 1538 4580 Punicam
1568 4489 1749 4612 partem
1778 4470 1972 4606 clypeus
1997 4467 2103 4568 Ma·

677 4641 698 4671 “
1611 4645 1620 4658 ‘
1953 4654 2029 4724 ce·

725 4901 2106 4942 mmm

723 4981 734 5006 ⁸
773 4995 830 5106 j)
859 4998 952 5072 Rec.
983 5019 1022 5072 s.
1055 5025 1086 5078 1.
1117 5005 1166 5094 pl.
1188 4999 1328 5083 uxxvu.
1364 4951 1401 5075 u.
1428 4995 1469 5080 6.
1522 4989 1575 5100 g)
1604 4994 1674 5070 lus.
1707 4997 1800 5075 Afiae
1826 4989 1919 5082 Tau,
1944 4999 2115 5076 11.n.'1,2

789 5103 832 5214 lt)
861 5109 968 5196 Num.
987 5119 1064 5210 uet-
1081 5131 1117 5209 p·
1141 5121 1211 5213 su.
1270 5111 1302 5209 i)
1332 5112 1723 5196 reluminare.
