5242 6509
981 1065 1958 1203 nvnoenns.1ffl'

1958 1288 2195 1332 Q

553 1343 843 1469 Harduinus,
870 1349 1103 1479 Begoes,
1130 1347 1406 1468 Morellius,
1433 1355 1786 1478 Havercampus
1806 1355 1938 1447 uarie
1989 1342 2182 1414 nuum

552 1501 659 1602 de''
632 1535 687 1600 ns
719 1507 938 1626 sentiunt
969 1507 1088 1606 male
1113 1533 1287 1610 omnes.
1366 1503 1537 1628 Neque
1561 1505 1739 1602 felicior
1775 1501 1903 1598 hac
1892 1533 1936 1600 m
1982 1453 2161 1647 N'Nl'x

546 1680 679 1786 parte
709 1659 979 1762 Pelserinius
1009 1665 1244 1790 optimus,
1281 1665 1358 1786 qui
1395 1656 1457 1756 ad
1494 1660 1669 1756 veteris
1703 1654 1937 1782 Hispaniae

544 1810 808 1935 regulos&
840 1821 1071 1949 principes
1103 1817 1295 1910 animum
1318 1810 1510 1934 adjecit.
1547 1807 1606 1942 d)
1667 1809 1937 1924 Florezius,

547 1967 626 2084 qui
663 1991 838 2099 omnem
874 1975 1100 2096 antiquam
1137 1971 1300 2094 patriae
1340 1965 1430 2062 suae
1473 1963 1708 2090 pecuniam
1755 1961 1931 2057 summo

515 2112 691 2210 -studio
742 2117 960 2247 collegit,
1006 2120 1245 2242 nitidisque
1285 2117 1624 2219 commentariis
1661 2111 1931 2229 illustravit,

541 2258 635 2362 hoc
656 2291 801 2389 genus
817 2289 1100 2364 monetarum
1125 2270 1220 2368 alto
1240 2272 1409 2390 premit
1434 2263 1633 2382 filontio,
1658 2282 1792 2392 parte
1813 2291 1932 2385 quo,

547 2441 638 2536 que
671 2423 840 2538 tertia,
872 2426 945 2516 cui
984 2436 1132 2519 tamen
1171 2415 1467 2546 supplementi
1508 2417 1619 2514 loco
1653 2415 1926 2542 Hispanicas

542 2593 698 2665 ornnes
721 2600 748 2668 e
773 2569 999 2672 Pellerinii
1023 2602 1135 2702 gaza
1159 2569 1320 2672 intulit.
1375 2568 1515 2670 Unde
1541 2586 1696 2695 patet,
1727 2570 1925 2694 ejusmo-

535 2713 585 2814 di
626 2745 773 2846 neque
807 2723 1036 2846 copiosius
1073 2746 1321 2814 occurrere
1354 2751 1439 2843 per
1477 2722 1743 2848 Hispanias,
1777 2746 1941 2840 neque·

495 3011 500 3022 1
537 2875 734 2996 patriam
757 2863 884 2965 fuisse
915 2862 1133 2969 habitam·
1138 2869 1375 2998 pecuniam
1400 2897 1429 2970 a
1450 2868 1647 3000 praefato
1667 2877 1861 3032 audere.

687 3206 833 3333 Supra
857 3205 901 3303 in
934 3201 1085 3305 Dacia
1112 3200 1339 3306 Gordiani
1361 3237 1431 3306 111.
1456 3203 1685 3334 Philippi,
1704 3213 1752 3305 &
1772 3211 1922 3336 Spon-

533 3348 639 3450 fiani
677 3382 838 3456 numos
875 3383 1043 3455 aureos
1075 3364 1375 3478 memoravi,
1413 3355 1545 3454 cusos
1584 3355 1644 3452 ad
1664 3359 1924 3484 exemplar

531 3501 769 3602 Romanae
793 3524 996 3606 monetae
1031 3537 1058 3609 a
1089 3505 1316 3631 barbaris,
1351 3508 1493 3609 servo
1519 3535 1724 3640 pecore,
1758 3509 1922 3640 quibus

528 3655 698 3756 imitari
742 3658 1000 3762 solemne.
1032 3662 1206 3766 illustre
1245 3663 1424 3767 servilis
1465 3668 1726 3768 imitationis
1761 3693 1920 3766 exem·

528 3805 659 3928 plum
704 3810 859 3911 denuo
900 3815 1078 3915 vides
1067 3847 1111 3914 m
1154 3823 1299 3916 numis
1348 3851 1549 3922 suano.
1629 3809 1755 3954 Quis
1797 3825 1921 3917 eninr

417 3953 625 4132 est,
655 3959 764 4076 quin
788 3963 923 4058 flatos
948 3967 1169 4092 intelligat
1193 3967 1252 4066 ad
1278 3996 1485 4069 normam
1515 3967 1807 4065 denariorum
1831 3973 1922 4069 Fa·

417 4067 663 4201 ⁸miliae
686 4105 862 4242 Fufiae,
899 4117 977 4235 qui
1000 4114 1195 4213 eadem
1177 4134 1336 4241 Jugata
1360 4118 1512 4248 capita
1538 4119 1813 4246 praeferunt,
1841 4119 1923 4219 ad·

521 4255 703 4387 scriptis
734 4261 916 4392 insuper
945 4263 1203 4368 nominibus
1239 4301 1318 4370 uo.
1360 4289 1508 4371 vr'un
1548 4266 1595 4369 id
1633 4269 1738 4372 est:
1763 4303 1920 4376 nonos

531 4439 739 4532 nmmo,
765 4433 816 4516 ut
843 4417 1076 4520 Morellio
1105 4413 1154 4557 e)
1188 4421 1357 4528 dudum
1387 4424 1627 4528 suboluitt
1682 4423 1804 4525 Haec
1828 4429 1913 4529 ob·

525 4555 729 4661 servatio
755 4568 884 4674 multi
913 4569 1132 4680 momenti
1158 4579 1235 4682 est.
1286 4581 1507 4710 Namque
1529 4571 1656 4679 simul
1679 4572 1912 4699 elucescit,

1129 4736 1235 4836 Sa
1624 4837 1663 4856 ,,
1731 4747 1839 4856 aeta·
1922 4811 1939 4842 2

1571 5065 1626 5092 -0'1

577 5160 623 5275 d)
651 5171 806 5254 neor.
831 5193 866 5252 1.
888 5199 924 5276 p.
949 5198 1013 5268 un.
1070 5177 1106 5283 e)
1135 5177 1245 5279 Epist.
1269 5185 1316 5264 ad
1335 5182 1563 5267 Perizoniunr
1578 5210 1614 5291 p.
1635 5208 1731 5272 211.
