5242 6509
1048 1062 1555 1140 1111111.ι
1834 1060 1898 1167 51
2073 1163 2077 1174 Ι

678 1305 908 1412 Crederes
941 1245 1195 1412 deinturam
1237 1306 1579 1437 Syracufiomm
1630 1324 1902 1432 monetam,
1930 1287 2160 1389 Τῶν-ΤΛ

522 1491 654 1589 quam
677 1465 780 1588 jnre
814 1461 1054 1563 anecdotis
1083 1465 1347 1582 accenseas;
1386 1467 1552 1562 tantis
1577 1453 1899 1588 promulgatus‘
1970 1426 2066 1620 ΜΠ

496 1640 501 1654 ·
513 1617 604 1740 jam
634 1619 698 1716 est
728 1645 939 1716 numerus
974 1644 1003 1714 a
1036 1613 1247 1734 Golzm,
1302 1618 1506 1734 Parum,
1530 1614 1902 1740 Havercampo,
2078 1605 2088 1624 ’

516 1765 781 1887 Dorvillio,
808 1769 1143 1888 Torremuzza‚
1164 1773 1212 1866 δι
1235 1764 1345 1868 aliia
1407 1764 1587 1866 Tamen
1605 1761 1707 1860 haec
1719 1777 1967 1890 squam

515 1924 562 2020 in
572 1949 694 2052 prae
697 1922 829 2022 sentia
854 1923 1064 2043 finimus,
1108 1918 1240 2050 fugit
1247 1921 1445 2032 omnium
1480 1915 1688 2016 hattenus
1714 1921 1763 2014 δι
1788 1944 1898 2019 ocu·

503 2073 589 2168 los
615 2076 662 2166 de
693 2068 936 2173 solertiam
1005 2076 1066 2172 ln
1108 2073 1279 2170 aversa
1305 2089 1437 2221 unpm
1471 2100 1500 2166 e
1525 2067 1725 2162 Bacchis
1759 2099 1898 2194 agno-

502 2223 604 2318 ·seo,
689 2219 903 2320 Prodnnt
928 2250 1028 2318 eam
1055 2221 1161 2318 satis
1184 2182 1374 2343 liquido
1391 2215 1579 2314 sublime
1614 2233 1786 2344 caput,
1813 2245 1902 2329 vo·

515 2373 697 2491 litantes
722 2371 943 2496 delluique
984 2366 1045 2470 ad
1070 2367 1300 2470 humeros
1314 2367 1499 2498 capilli,
1530 2372 1579 2468 du
1613 2367 1821 2498 peplum
1832 2367 1899 2478 ,ob

512 2523 765 2624 festinatum
804 2513 996 2652 grelsum
1039 2541 1186 2632 vento
1243 2522 1472 2627 sinuatum.
1575 2519 1738 2622 Solent
1782 2521 1898 2640 alias

512 2673 799 2780 Bacchantes
827 2685 871 2776 111
898 2679 1114 2802 gemmis,
1147 2681 1354 2798 pittone,
1389 2677 1444 2775 &J
1477 2672 1753 2802 anaglyphie
1782 2703 1899 2773 mar·

511 2829 719 2924 moribus
756 2833 931 2947 impetu
963 2820 1104 2944 longe
1149 2815 1529 2940 vehementiore,
1579 2848 1662 2919 ore
1689 2819 1901 2934 multum

495 2971 701 3086 nante,
735 2972 900 3090 rejetio
937 2973 1114 3093 capite,
1136 3015 1139 3020 ,
1163 2973 1455 3097 omniumque
1487 2967 1799 3070 membrorum
1830 2974 1898 3094 ja·

489 3123 702 3218 ¹elatione
737 3117 940 3222 violenta
976 3117 1235 3220 decurrere.
1336 3116 1410 3216 At
1451 3121 1602 3220 nostra
1652 3121 1904 3246 modestius

510 3268 630 3371 furit.
729 3272 868 3372 Viam
914 3268 1095 3397 quidem
1136 3290 1297 3400 urget,
1343 3290 1394 3370 ut
1423 3272 1671 3373 defluentes
1715 3303 1900 3400 comae,
1977 3291 1981 3296 ’

511 3422 790 3552 peplumque
813 3421 1029 3524 sinuatum
1055 3419 1274 3544 indicant,
1304 3452 1453 3550 neque
1479 3442 1630 3522 tamen
1658 3421 1899 3528 furibunda
1922 3443 1928 3453 ’

506 3575 707 3699 jaciatur.
783 3579 947 3704 Atque
977 3566 1070 3674 doe
1101 3577 1242 3702 ipsum
1274 3576 1367 3692 est,
1405 3575 1533 3704 quod
1576 3576 1730 3676 nobile
1758 3581 1899 3703 Syra·
2036 3618 2039 3627 ·

513 3727 661 3826 cusani
689 3729 878 3830 artificis
903 3733 1148 3858 ingenium,
1182 3747 1233 3828 ut
1268 3729 1537 3861 perelegans
1565 3737 1686 3828 numi
1724 3725 1897 3831 fabrica

514 3879 729 3975 summam
770 3885 816 3976 in
859 3901 958 3994 arte
1007 3884 1254 4008 peritiam,
1310 3883 1533 4009 praeclare
1591 3878 1909 3981 commendat..

515 4027 721 4146 Falciae,
766 4055 877 4154 quas
909 4029 1096 4128 Baccha
1132 4036 1285 4154 gerit,
1321 4031 1382 4126 ad
1421 4029 1628 4148 diadema
1663 4027 1787 4126 forte
1820 4029 1904 4130 ad·

514 4173 698 4294 ludunt,
728 4181 858 4306 ¹quod
897 4175 1131 4278 Bacchum
1163 4174 1377 4279 invenisse
1414 4177 1577 4297 fabulae
1604 4199 1809 4302 narrant,
1848 4199 1900 4284 ut

516 4327 648 4456 supra
674 4327 961 4430 observatum
988 4330 1051 4428 est
1074 4330 1133 4428 ad
1155 4358 1336 4430 numum
1361 4335 1618 4458 Agrigenti
1672 4331 1896 4462 Aliquan-

517 4477 582 4579 do
619 4480 667 4575 &
701 4483 900 4583 Vitioria
939 4481 1101 4584 ssmiles
1136 4489 1295 4584 taenias
1323 4486 1373 4583 in
1406 4483 1567 4586 Siculis
1599 4489 1744 4609 numia
1779 4486 1898 4586 sulii·

519 4651 603 4733 net
680 4631 933 4740 Camarinae
968 4635 1064 4740 duo
1099 4639 1306 4766 argentei
1337 4638 1529 4743 exiliunt
1560 4633 1683 4769 apud
1721 4639 1893 4736 Princi-

1062 4787 1183 4890 Ga
1716 4795 1829 4920 pem
1905 4889 1911 4898 .
