5242 6509
924 1062 1475 1189 nunoannm
1786 1104 1890 1215 &3

516 1357 825 1493 magnitudinis
852 1380 1069 1489 argentea
1087 1372 1385 1495 numismata,
1414 1351 1668 1487 cujusmodi
1691 1382 1746 1452 ea
1770 1357 1894 1478 sunt,
1913 1298 2151 1437 ᾖ

519 1551 622 1645 quae
642 1518 852 1618 initialem
875 1519 968 1641 ejus
990 1493 1210 1644 syllabam
1243 1549 1302 1622 ΣΕ
1324 1516 1561 1617 offerunt?
1604 1503 1737 1648 Quid
1765 1510 1892 1641 quod
1956 1469 2072 1680 hyn}

520 1678 746 1795 utriusque
778 1668 929 1769 insulae
947 1687 1128 1771 moneta
1152 1672 1241 1771 sese
1261 1675 1326 1769 ita
1358 1687 1597 1798 exaequet,
1631 1665 1727 1767 five
1748 1685 1896 1795 typos
1996 1647 2010 1679 ’
2070 1623 2109 1705 ³⁰

520 1820 805 1941 confideres,
832 1821 934 1921 five*
950 1823 1248 1953 inscriptionis
1273 1821 1484 1942 modum,
1513 1824 1610 1922 five
1637 1817 1831 1918 formam
1850 1822 1899 1915 &

520 1972 715 2091 molem,
741 1990 790 2070 ut
817 2002 977 2073 omnes
1003 2002 1096 2071 non
1128 1975 1273 2075 solum
1305 1974 1471 2076 eodem
1507 1974 1619 2075 loco
1652 1967 1919 2077 fabricatos.
2023 2076 2031 2093 ,

515 2131 663 2246 jures,
696 2125 773 2225 sed
796 2123 959 2226 eodem
988 2125 1187 2226 malleo?
1812 2109 1817 2116 ’

948 2358 1536 2523 snmus

679 2626 833 2755 Caput
861 2608 1136 2745 laurentum,
1167 2651 1433 2752 cornutum,
1457 2627 1691 2733 iniberbe:
1724 2632 1769 2728 in
1794 2658 1903 2733 area

524 2781 688 2879 botrus
712 2778 897 2873 incusus.
930 2772 981 2909 )(
999 2871 1002 2880 ,
1019 2808 1234 2879 tamnu.
1274 2783 1524 2911 Neptunus
1551 2785 1668 2881 stans
1697 2780 1739 2879 d.
1779 2800 1905 2883 tenet

521 2932 796 3045 tridentem,
827 2925 1036 3031 hnistram
1059 2928 1193 3035 lateri
1215 2941 1407 3066 imponit
1428 2964 1441 3041 ε
1464 2939 1524 3037 ad
1556 2934 1700 3066 pedes
1728 2934 1906 3065 delphi·

517 3110 610 3183 nus

1629 3230 1748 3317 AER,
1777 3232 1848 3319 ΙΙΙ,

675 3508 848 3612 Differt
872 3506 931 3610 ab
956 3516 1036 3628 iis,
1069 3536 1187 3635 quos
1214 3505 1416 3609 Gessueri
1448 3510 1496 3605 dr
1529 3504 1757 3607 Pellerinii
1787 3536 1901 3637 ope·

518 3691 571 3763 ra
600 3672 843 3764 continent.
923 3661 1060 3781 Sunt,
1092 3667 1171 3787 qui
1192 3662 1361 3792 Jovem
1397 3660 1678 3759 Ammonem
1711 3656 1905 3761 adversa

521 3824 656 3933 parte
694 3811 940 3939 suspiciant.
1020 3810 1149 3911 Mihi
1185 3818 1345 3941 potior
1380 3814 1574 3911 ‘videtur
1610 3838 1769 3909 eorum
1806 3810 1903 3908 sen·
1984 3850 1987 3857 ·

514 3960 685 4073 tentia,
708 3965 786 4082 qui
810 3976 887 4056 aut
925 3960 1106 4059 Tenum
1143 3965 1360 4085 heroem,
1394 3980 1471 4063 aut
1509 3960 1743 4062 Bacchum
1773 3958 1902 4061 exhi·

518 4110 617 4208 beri
641 4112 834 4213 censent.
885 4110 952 4207 Et
970 4108 1137 4209 faciunt
1163 4144 1252 4243 pro
1277 4114 1469 4217 Baccho
1493 4112 1652 4247 pulcra
1671 4114 1902 4238 Juventus,

520 4266 569 4355 δι
601 4287 774 4381 cornu,
806 4265 853 4357 δι
890 4258 1051 4363 botrus
1081 4264 1193 4365 alias
1226 4298 1293 4369 ex
1328 4270 1488 4371 aversa
1513 4265 1806 4403 conspicuus,
1835 4268 1909 4364 in··

521 4412 648 4507 cusus
681 4440 802 4537 pone
831 4423 1040 4542 caputin
1074 4420 1295 4546 praesente
1321 4440 1523 4524 moneta.
1604 4416 1682 4518 De
1714 4418 1900 4548 Neptu·

521 4566 566 4658 ni
598 4564 643 4659 in
681 4562 816 4663 Teno
848 4568 973 4668 cultu
1000 4596 1057 4668 ac
1090 4574 1268 4705 templo
1301 4576 1544 4708 magnifico
1578 4567 1772 4690 Strabo,
1805 4567 1900 4667 alii·

519 4742 621 4839 que.
697 4717 751 4817 N
754 4748 838 4820 unc
872 4722 993 4823 Tine
1028 4749 1252 4845 vocatur,
1284 4740 1394 4825 vino
1428 4720 1678 4823 hodiedum
1710 4718 1900 4841 nobilis,
1955 4834 1966 4853 p

521 4866 648 4987 cujus
677 4866 782 4993 plus
801 4895 939 4991 quam
971 4872 1132 4995 viginti
1160 4896 1329 4994 genera
1352 4871 1590 5002 producit,
1626 4878 1816 5005 optimae
1836 4878 1900 4972 in·

520 5016 642 5118 dolis
677 5020 840 5121 omnia.
900 5018 1156 5150 ,Indigenas
1205 5021 1481 5132 Graecorum
1516 5024 1767 5133 insulanum
1807 5025 1899 5129 ele·

1077 5175 1229 5308 ,113
1711 5209 1820 5312 gare
