5242 6509
913 1114 1476 1190 nvnoennn
1794 1074 1964 1212 mg'

1929 1294 2155 1329 m

676 1364 907 1463 Frumenti
931 1391 1117 1491 granum
1153 1391 1217 1461 ex
1244 1360 1405 1463 auersa
1440 1369 1606 1487 parte,
1654 1349 1900 1477 vultusque
1929 1318 2154 1430 W

522 1502 767 1619 Cereris*
799 1516 986 1619 alterius
1014 1524 1162 1634 numi,
1195 1519 1345 1617 neseio
1376 1542 1435 1612 an
1468 1510 1572 1641 plus
1604 1506 1718 1646 lucis
1748 1505 1902 1607 adfun-
1931 1466 2157 1685 Naxia·

520 1672 623 1791 dat,
661 1699 717 1769 an
743 1668 908 1773 debeat
934 1670 1153 1803 Polybio.
1231 1671 1410 1771 Narrat
1430 1672 1584 1764 auttor
1607 1663 1903 1791 gravissumus,

386 1948 389 1953 ,
520 1825 596 1925 ubi
617 1823 678 1923 de
703 1823 904 1957 Philippi
925 1827 1221 1959 expeditione
1251 1831 1295 1924 iu
1319 1818 1524 1923 AEtolos
1555 1824 1673 1944 agit,
1700 1817 1771 1953 g)
1799 1842 1902 1915 eum

521 2005 678 2106 regem
714 1978 773 2075 ad
801 1979 938 2081 Palen
963 1986 1217 2083 exercitum
1236 1972 1515 2094 admovisse,
1540 1966 1702 2068 eoram
1727 1964 1769 2067 ie
1795 1986 1908 2067 roro-²

520 2160 594 2231 aar
627 2164 698 2231 aar
721 2162 869 2261 χωςαν
886 2163 1091 2267 papauer
1116 2162 1219 2229 rura
1230 2208 1245 2257 ‚
1271 2162 1343 2226 και
1363 2123 1576 2260 daromam
1601 2133 1768 2246 τςεφειν
1796 2148 1901 2241 seor·

520 2268 698 2375 sorados
756 2354 786 2401 „
808 2310 911 2381 cum
931 2284 1115 2381 videret
1140 2312 1240 2383 eam
1266 2287 1501 2409 regionem
1523 2271 1744 2403 segetibus
1766 2268 1904 2370 abun·

524 2428 737 2549 dantem,
769 2452 905 2559 atque
936 2432 997 2533 ad
1023 2440 1279 2536 exercitum
1316 2432 1525 2535 alendum
1557 2424 1857 2524 sufficientem·
1876 2418 1917 2538 ,a

522 2580 782 2707 Numquid
804 2592 952 2716 aptius
985 2586 1075 2688 dici
1107 2596 1260 2715 potuit
1294 2586 1357 2686 ad
1388 2578 1710 2715 explicandum
1743 2573 1918 2679 hordei»

520 2760 741 2861 granum,
782 2739 911 2860 quod
940 2744 1060 2833 intra
1104 2737 1424 2866 praegrandem
1458 2738 1637 2835 literam
1668 2762 1703 2830 11
1735 2743 1913 2824 tantum

521 2911 613 2979 non
641 2880 915 3013 pinguedine
945 2890 1202 3016 rumpitur?
1242 2888 1414 3026 Quidni
1446 2882 1690 3015 jucundum
1719 2906 1907 2980 cernere

522 3034 697 3155 oculis,
733 3062 865 3161 quam
895 3034 1012 3137 belle
1039 3035 1268 3165 nitideque
1305 3044 1552 3169 scriptores
1582 3052 1768 3135 veteres
1802 3056 1913 3131 cum·
1971 3039 1978 3051 '

523 3206 731 3301 ¹veterum
753 3208 1147 3291 monumentorum
1175 3188 1265 3293 fide
1285 3192 1600 3291 consentiant?

671 3488 781 3583 Fuit
816 3480 1140 3615 Cephalione,
1173 3496 1223 3578 ut
1262 3475 1451 3604 Ithaca,
1492 3494 1793 3602 vererumne,
1829 3474 1910 3574 seu

513 3650 713 3757 quatuor
744 3641 976 3732 continens
1008 3631 1170 3754 urbes,
1195 3628 1423 3753 Palenses,
1440 3628 1655 3753 Cranioo,
1679 3632 1908 3748 Samaeos,

443 3896 445 3903 Α
515 3784 757 3879 Pronaeos.
835 3786 919 3883 Ex
958 3791 1014 3883 iis
1059 3785 1142 3883 soli
1170 3785 1412 3906 Palenses,
1456 3808 1655 3908 quorum
1685 3780 1909 3883 defidera·

520 3924 685 4023 bantur
717 3938 836 4030 numi
871 3932 931 4029 ad
964 3933 1066 4033 haec
1102 3953 1329 4063 tempora.
1414 3937 1714 4035 Pronaeorum
1750 3929 1908 4029 hodie·

519 4105 611 4203 que
645 4080 799 4179 urricus
822 4076 1106 4211 censebatur,
1134 4111 1272 4209 quem
1304 4084 1551 4188 Pellerinio
1587 4082 1819 4186 debemus.
1854 4077 1913 4218 la)

518 4227 612 4331 Sed
644 4226 805 4330 iisdem
838 4232 1051 4359 adjudico
1073 4235 1268 4339 alterurn
1288 4243 1401 4342 item
1431 4264 1603 4343 aereum
1631 4241 1755 4343 tertii
1781 4232 1910 4337 ordi·

516 4636 1908 4689 ——---——-.....----

578 4734 600 4778 '¹'
630 4727 775 4815 Cereris
793 4738 1000 4817 stmlllimum
1020 4752 1126 4837 caput
1145 4739 1301 4830 ejusdem
1317 4750 1439 4819 insruloe
1460 4741 1608 4816 Pronaei
1628 4732 1805 4835 signarunt
1815 4742 1909 4840 apud

577 4846 833 4937 Pellerinium,
854 4874 954 4922 novo
976 4860 1201 4943 argumento,
1222 4855 1269 4928 ad
1292 4854 1385 4928 hunc
1412 4849 1557 4931 insulem
1580 4852 1744 4960 'spedista
1767 4876 1908 4937 numum

578 4960 735 5035 secundo
764 4960 852 5062 loco
869 4958 1092 5057 descriptum.

467 5144 484 5167 ,
576 5068 628 5179 e)
655 5072 751 5151 ΗΜ.
769 5088 809 5147 ι·
829 5094 867 5157 v.
925 5064 972 5175 l)
1002 5076 1093 5159 nec.
1113 5090 1153 5157 τ.
1173 5100 1245 5161 111.
1264 5082 1311 5183 pl.
1332 5098 1422 5163 xcv.
1444 5103 1482 5174 u.
1503 5104 1567 5165 ro.
