5242 6509
1003 1118 1396 1193 urnula.
1833 1100 1897 1201 1⁷

520 1353 902 1488 Magnanun'd)
949 1377 1044 1460 tres
1082 1359 1208 1458 lunas
1244 1356 1467 1480 falcatas,
1510 1361 1560 1454 ὰ
1595 1349 1732 1452 Velia
1780 1341 1905 1476 apud
1927 1337 2126 1525 ΤΑἼΜ·

520 1511 806 1613 Pellerinium
850 1513 906 1644 e)
957 1531 1051 1611 tres
1093 1517 1201 1610 item
1247 1511 1418 1632 lunas,
1463 1507 1748 1636 totidemque
1790 1501 1906 1598 astra
2055 1501 2068 1526 '

513 1664 748 1794 signarunt.
826 1667 946 1800 Quin
972 1683 1101 1763 erant
1132 1663 1336 1762 Etrurine
1362 1659 1500 1760 urbes
1521 1653 1795 1755 nobiliffi'rnae
1817 1653 1909 1752 Pu·

516 1819 691 1950 pluna,
729 1815 803 1916 seu
831 1817 1167 1945 Populonium,
1204 1819 1252 1914 &
1287 1817 1446 1932 Luna,
1485 1807 1647 1936 quibus
1686 1831 1910 1905 nomena
1964 1857 1967 1862 ·

518 1973 737 2080 nocturno
777 1967 858 2070 illo
892 1967 1041 2070 ‘fudere
1084 1967 1256 2068 facium.
1336 1941 1687 2064 'Dioscurorum
1721 1959 1908 2090 quidem

512 2115 660 2216 cultus
687 2120 923 2247 Neapoli,
957 2140 1124 2249 utpote
1148 2126 1193 2218 in
1224 2117 1338 2219 urbe
1364 2121 1622 2230 maritima,
1662 2113 1908 2239 plurimum

510 2270 709 2398 vigebat
760 2269 1025 2400 Collapsum
1057 2301 1217 2373 eorum
1247 2270 1524 2399 remplum,
1570 2265 1908 2395 inscriptiones·

513 2449 605 2546 que
635 2419 883 2527 hodiedum
914 2421 975 2524 ibi
1014 2426 1228 2526 visuntur.
1329 2425 1440 2557 Nec
1473 2420 1594 2548 spica
1634 2418 1695 2519 de
1736 2415 1906 2540 nihilo,

509 2597 647 2698 quam
672 2579 834 2676 aversa
863 2583 912 2678 in
941 2578 1178 2705 segmento
1222 2573 1427 2680 exhibet,
1505 2569 1599 2670 Cui
1632 2600 1725 2671 non
1769 2587 1907 2672 notus

507 2796 538 2845 „
561 2727 828 2856 Campanus
854 2757 965 2852 ager
989 2730 1279 2822 orbisaerrae
1306 2728 1605 2846 pulcerrimus
1621 2791 1652 2837 ‚,
1694 2741 1746 2816 ut
1773 2727 1910 2820 Cice*

511 2881 618 2968 roni
643 2877 881 2966 vocaturi
920 2869 1154 2993 Dionysio
1195 2864 1271 2998 f)
1314 2869 1500 2966 definite
1541 2867 1776 2996 Neapolis
1823 2904 1910 2976 so·

507 3049 632 3144 χυων
651 3011 857 3140 &aazias
882 3033 1144 3151 αμαλλαις,
1169 3014 1389 3146 spicarum
1424 3014 1595 3120 referta
1628 3023 1910 3155 manipulis„

500 3163 732 3290 laudatur,
770 3168 1019 3272 commode
1071 3169 1131 3272 ad
1171 3169 1339 3302 spicam
1389 3175 1599 3274 nostram.
1708 3174 1906 3281 Fabrica

504 3339 883 3450 praetermorem
920 3318 1071 3425 hiulca
1105 3323 1203 3444 est,
1242 3343 1298 3425 ae
1336 3325 1479 3426 rudis.
1574 3331 1750 3427 Literae
1800 3365 1907 3454 nu,

504 3473 889 3599 quemadmodum
930 3509 1014 3576 ma
1054 3479 1103 3576 δι
1143 3507 1194 3578 ar
1232 3476 1538 3604 praecedentis
1587 3485 1745 3604 numi,
1824 3506 1905 3594 aut

503 3631 656 3760 prima
694 3628 791 3730 sunt
825 3631 1166 3760 magistratuum
1204 3627 1458 3755 elementa,
1482 3651 1562 3734 aut
1590 3653 1726 3736 notae.

697 3961 1099 4092 aunuum
1175 3969 1709 4152 smrcuuvm

684 4301 911 4374 nnnmvn.
978 4273 1305 4376 characteribus
1352 4273 1583 4394 Etruscis,
1627 4273 1722 4374 five
1747 4271 1896 4398 Oscis,
1960 4284 2010 4362 N·
2042 4283 2085 4374 6.

503 4449 560 4526 ac
593 4419 755 4531 ordine
790 4429 1083 4562 retrogrado.
1165 4433 1446 4532 Laurentum
1470 4426 1712 4562 Apollinis
1739 4449 1894 4559 caput:

1775 4613 1822 4682 m

565 5016 636 5126 5⁶
677 5018 737 5124 s)
765 5024 963 5126 Furia-u
988 5035 1055 5130 aa
1148 5064 1152 5092 =
1194 5089 1243 5258 c
