<?xml version="1.0" encoding="UTF-8"?>
<!DOCTYPE html PUBLIC "-//W3C//DTD XHTML 1.0 Transitional//EN"
    "http://www.w3.org/TR/xhtml1/DTD/xhtml1-transitional.dtd">
<html xmlns="http://www.w3.org/1999/xhtml" xml:lang="en" lang="en">
 <head>
  <title>
</title>
<meta http-equiv="Content-Type" content="text/html;charset=utf-8" />
  <meta name='ocr-system' content='tesseract 3.04.00' />
  <meta name='ocr-capabilities' content='ocr_page ocr_carea ocr_par ocr_line ocrx_word'/>
</head>
<body>
  <div class='ocr_page' id='page_1' title='image "./populorumetregu00neumgoog_0027.png"; bbox 0 0 5242 6509; ppageno 0'>
   <div class='ocr_carea' id='block_1_1' title="bbox 926 1044 1902 1406">
    <p class='ocr_par' dir='ltr' id='par_1_1' title="bbox 926 1044 1902 1406">
     <span class='ocr_line' id='line_1_1' title="bbox 926 1044 1902 1230; baseline -0.006 -31"><span class='ocrx_word' id='word_1_1' title='bbox 926 1045 996 1198; x_wconf 77' lang='lat' dir='ltr'>o</span> <span class='ocrx_word' id='word_1_2' title='bbox 1132 1044 1216 1198; x_wconf 74' lang='lat' dir='ltr'>n</span> <span class='ocrx_word' id='word_1_3' title='bbox 1343 1045 1437 1196; x_wconf 76' lang='lat' dir='ltr'>n</span> <span class='ocrx_word' id='word_1_4' title='bbox 1857 1070 1902 1230; x_wconf 69' lang='lat' dir='ltr'>a</span> 
     </span>
     <span class='ocr_line' id='line_1_2' title="bbox 932 1269 1081 1406; baseline -0.007 -85"><span class='ocrx_word' id='word_1_5' title='bbox 932 1269 1007 1406; x_wconf 74' lang='grc' dir='ltr'>Τ</span> <span class='ocrx_word' id='word_1_6' title='bbox 1077 1313 1081 1320; x_wconf 81' lang='grc'>,</span> 
     </span>
    </p>
   </div>
   <div class='ocr_carea' id='block_1_2' title="bbox 814 1265 2162 1426">
    <p class='ocr_par' dir='ltr' id='par_1_2' title="bbox 814 1265 2162 1426">
     <span class='ocr_line' id='line_1_3' title="bbox 814 1265 2162 1426; baseline -0.004 -20"><span class='ocrx_word' id='word_1_7' title='bbox 814 1271 850 1406; x_wconf 94' lang='lat' dir='ltr'>I</span> <span class='ocrx_word' id='word_1_8' title='bbox 1091 1265 1306 1405; x_wconf 89' lang='lat' dir='ltr'>AL</span> <span class='ocrx_word' id='word_1_9' title='bbox 1505 1267 1594 1402; x_wconf 88' lang='lat' dir='ltr'>A.</span> <span class='ocrx_word' id='word_1_10' title='bbox 1933 1271 2162 1426; x_wconf 58' lang='grc' dir='ltr'>πῖ</span> 
     </span>
    </p>
   </div>
   <div class='ocr_carea' id='block_1_3' title="bbox 518 1446 2131 1902">
    <p class='ocr_par' dir='ltr' id='par_1_3' title="bbox 503 1446 2131 1902">
     <span class='ocr_line' id='line_1_4' title="bbox 766 1446 2070 1526; baseline -0.006 0"><span class='ocrx_word' id='word_1_11' title='bbox 766 1505 833 1526; x_wconf 87' lang='lat'>...</span> <span class='ocrx_word' id='word_1_12' title='bbox 2036 1446 2070 1518; x_wconf 88' lang='lat'>1.</span> 
     </span>
     <span class='ocr_line' id='line_1_5' title="bbox 518 1557 2131 1902; baseline -0.006 -130.092"><span class='ocrx_word' id='word_1_13' title='bbox 518 1665 744 1902; x_wconf 78' lang='lat' dir='ltr'>Iunia,</span> <span class='ocrx_word' id='word_1_14' title='bbox 806 1678 1048 1808; x_wconf 83' lang='lat' dir='ltr'>insulaeque</span> <span class='ocrx_word' id='word_1_15' title='bbox 1081 1681 1243 1778; x_wconf 87' lang='lat' dir='ltr'>vicinae</span> <span class='ocrx_word' id='word_1_16' title='bbox 1278 1678 1426 1809; x_wconf 88' lang='lat' dir='ltr'>plenis</span> <span class='ocrx_word' id='word_1_17' title='bbox 1456 1676 1661 1782; x_wconf 88' lang='lat' dir='ltr'>manibus</span> <span class='ocrx_word' id='word_1_18' title='bbox 1701 1671 1907 1794; x_wconf 86' lang='lat' dir='ltr'>antiquas</span> <span class='ocrx_word' id='word_1_19' title='bbox 1985 1557 2036 1644; x_wconf 41' lang='lat' dir='ltr'>N·</span> <span class='ocrx_word' id='word_1_20' title='bbox 2067 1577 2131 1655; x_wconf 70' lang='lat' dir='ltr'>a·</span> 
     </span>
    </p>
   </div>
   <div class='ocr_carea' id='block_1_4' title="bbox 407 1821 1923 2566">
    <p class='ocr_par' dir='ltr' id='par_1_4' title="bbox 624 1821 1904 1968">
     <span class='ocr_line' id='line_1_6' title="bbox 624 1821 1904 1968; baseline -0.007 -40"><span class='ocrx_word' id='word_1_21' title='bbox 624 1829 909 1961; x_wconf 85' lang='lat' dir='ltr'><strong>suppeditant</strong></span> <span class='ocrx_word' id='word_1_22' title='bbox 954 1857 1107 1968; x_wconf 82' lang='lat' dir='ltr'>opes,</span> <span class='ocrx_word' id='word_1_23' title='bbox 1147 1827 1309 1957; x_wconf 84' lang='lat' dir='ltr'>quibus</span> <span class='ocrx_word' id='word_1_24' title='bbox 1350 1826 1566 1956; x_wconf 82' lang='lat' dir='ltr'>edendis,</span> <span class='ocrx_word' id='word_1_25' title='bbox 1602 1821 1904 1959; x_wconf 83' lang='lat' dir='ltr'>explicandis·</span> 
     </span>
    </p>

    <p class='ocr_par' dir='ltr' id='par_1_5' title="bbox 407 1983 1923 2566">
     <span class='ocr_line' id='line_1_7' title="bbox 407 1983 1905 2116; baseline -0.004 -38"><span class='ocrx_word' id='word_1_26' title='bbox 407 2071 410 2078; x_wconf 85' lang='lat'><em>.</em></span> <span class='ocrx_word' id='word_1_27' title='bbox 521 2007 612 2104; x_wconf 90' lang='lat' dir='ltr'>que</span> <span class='ocrx_word' id='word_1_28' title='bbox 638 1984 806 2083; x_wconf 86' lang='lat' dir='ltr'>summa</span> <span class='ocrx_word' id='word_1_29' title='bbox 837 1991 1014 2116; x_wconf 84' lang='lat' dir='ltr'>ingenia</span> <span class='ocrx_word' id='word_1_30' title='bbox 1042 2000 1284 2086; x_wconf 86' lang='lat' dir='ltr'>vacarunt.</span> <span class='ocrx_word' id='word_1_31' title='bbox 1344 1986 1462 2090; x_wconf 94' lang='lat' dir='ltr'>Non</span> <span class='ocrx_word' id='word_1_32' title='bbox 1495 1983 1616 2086; x_wconf 87' lang='lat' dir='ltr'>adeo</span> <span class='ocrx_word' id='word_1_33' title='bbox 1648 2001 1802 2082; x_wconf 89' lang='lat' dir='ltr'>tamen</span> <span class='ocrx_word' id='word_1_34' title='bbox 1829 1999 1905 2076; x_wconf 89' lang='lat' dir='ltr'>an-</span> 
     </span>
     <span class='ocr_line' id='line_1_8' title="bbox 520 2129 1907 2264; baseline -0.009 -29"><span class='ocrx_word' id='word_1_35' title='bbox 520 2131 643 2264; x_wconf 67' lang='lat' dir='ltr'>gusta</span> <span class='ocrx_word' id='word_1_36' title='bbox 685 2131 795 2233; x_wconf 76' lang='lat' dir='ltr'>misni</span> <span class='ocrx_word' id='word_1_37' title='bbox 840 2133 1078 2264; x_wconf 81' lang='lat' dir='ltr'>supellex,</span> <span class='ocrx_word' id='word_1_38' title='bbox 1126 2162 1231 2260; x_wconf 89' lang='lat' dir='ltr'>quae</span> <span class='ocrx_word' id='word_1_39' title='bbox 1261 2151 1457 2261; x_wconf 85' lang='lat' dir='ltr'><strong>nequeat</strong></span> <span class='ocrx_word' id='word_1_40' title='bbox 1494 2137 1672 2260; x_wconf 85' lang='lat' dir='ltr'>aliquos</span> <span class='ocrx_word' id='word_1_41' title='bbox 1704 2129 1907 2227; x_wconf 83' lang='lat' dir='ltr'>sufficere</span> 
     </span>
     <span class='ocr_line' id='line_1_9' title="bbox 522 2283 1909 2416; baseline -0.004 -38"><span class='ocrx_word' id='word_1_42' title='bbox 522 2309 680 2384; x_wconf 85' lang='lat' dir='ltr'>numos</span> <span class='ocrx_word' id='word_1_43' title='bbox 709 2303 962 2387; x_wconf 90' lang='lat' dir='ltr'>memoratu</span> <span class='ocrx_word' id='word_1_44' title='bbox 993 2285 1188 2416; x_wconf 81' lang='lat' dir='ltr'>dignos,</span> <span class='ocrx_word' id='word_1_45' title='bbox 1223 2302 1362 2412; x_wconf 86' lang='lat' dir='ltr'>atque</span> <span class='ocrx_word' id='word_1_46' title='bbox 1394 2288 1441 2383; x_wconf 92' lang='lat' dir='ltr'>in</span> <span class='ocrx_word' id='word_1_47' title='bbox 1475 2283 1593 2384; x_wconf 91' lang='lat' dir='ltr'>hanc</span> <span class='ocrx_word' id='word_1_48' title='bbox 1627 2285 1750 2385; x_wconf 89' lang='lat' dir='ltr'>diem</span> <span class='ocrx_word' id='word_1_49' title='bbox 1779 2284 1909 2376; x_wconf 90' lang='lat' dir='ltr'>inco·</span> 
     </span>
     <span class='ocr_line' id='line_1_10' title="bbox 522 2432 1923 2566; baseline -0.006 -31"><span class='ocrx_word' id='word_1_50' title='bbox 522 2441 692 2564; x_wconf 85' lang='lat' dir='ltr'>gnitos.</span> <span class='ocrx_word' id='word_1_51' title='bbox 768 2437 948 2538; x_wconf 77' lang='lat' dir='ltr'>InitIum</span> <span class='ocrx_word' id='word_1_52' title='bbox 971 2437 1030 2539; x_wconf 87' lang='lat' dir='ltr'>ab</span> <span class='ocrx_word' id='word_1_53' title='bbox 1058 2437 1254 2544; x_wconf 86' lang='lat' dir='ltr'>Umbria</span> <span class='ocrx_word' id='word_1_54' title='bbox 1283 2433 1533 2559; x_wconf 82' lang='lat' dir='ltr'>duxissem,</span> <span class='ocrx_word' id='word_1_55' title='bbox 1564 2441 1610 2535; x_wconf 88' lang='lat' dir='ltr'>ni</span> <span class='ocrx_word' id='word_1_56' title='bbox 1636 2432 1923 2566; x_wconf 84' lang='lat' dir='ltr'>praestantem</span> 
     </span>
    </p>
   </div>
   <div class='ocr_carea' id='block_1_5' title="bbox 519 2583 1928 3326">
    <p class='ocr_par' dir='ltr' id='par_1_6' title="bbox 519 2583 1928 3326">
     <span class='ocr_line' id='line_1_11' title="bbox 521 2583 1925 2724; baseline -0.009 -32"><span class='ocrx_word' id='word_1_57' title='bbox 521 2591 720 2692; x_wconf 85' lang='lat' dir='ltr'>Arimini</span> <span class='ocrx_word' id='word_1_58' title='bbox 744 2611 978 2724; x_wconf 24' lang='lat' dir='ltr'>,monetam</span> <span class='ocrx_word' id='word_1_59' title='bbox 1012 2590 1228 2702; x_wconf 84' lang='lat' dir='ltr'>Eckhelii</span> <span class='ocrx_word' id='word_1_60' title='bbox 1263 2587 1529 2724; x_wconf 79' lang='lat' dir='ltr'>occupasset</span> <span class='ocrx_word' id='word_1_61' title='bbox 1561 2589 1781 2690; x_wconf 86' lang='lat' dir='ltr'>industria</span> <span class='ocrx_word' id='word_1_62' title='bbox 1836 2583 1925 2680; x_wconf 89' lang='lat' dir='ltr'>Ita·</span> 
     </span>
     <span class='ocr_line' id='line_1_12' title="bbox 520 2737 1928 2870; baseline -0.012 -27"><span class='ocrx_word' id='word_1_63' title='bbox 520 2773 612 2870; x_wconf 87' lang='lat' dir='ltr'>que</span> <span class='ocrx_word' id='word_1_64' title='bbox 654 2773 682 2842; x_wconf 87' lang='lat' dir='ltr'>a</span> <span class='ocrx_word' id='word_1_65' title='bbox 718 2745 974 2863; x_wconf 76' lang='lat' dir='ltr'>Campania</span> <span class='ocrx_word' id='word_1_66' title='bbox 1015 2751 1105 2836; x_wconf 84' lang='lat' dir='ltr'>iter</span> <span class='ocrx_word' id='word_1_67' title='bbox 1156 2743 1458 2859; x_wconf 75' lang='lat' dir='ltr'>auspicatus,</span> <span class='ocrx_word' id='word_1_68' title='bbox 1516 2742 1692 2860; x_wconf 82' lang='lat' dir='ltr'>aliquot</span> <span class='ocrx_word' id='word_1_69' title='bbox 1732 2737 1928 2853; x_wconf 82' lang='lat' dir='ltr'>Magnae</span> 
     </span>
     <span class='ocr_line' id='line_1_13' title="bbox 523 2877 1925 3014; baseline -0.006 -30"><span class='ocrx_word' id='word_1_70' title='bbox 523 2891 726 2986; x_wconf 86' lang='lat' dir='ltr'>Graeeiae</span> <span class='ocrx_word' id='word_1_71' title='bbox 757 2883 964 3010; x_wconf 89' lang='lat' dir='ltr'>populos</span> <span class='ocrx_word' id='word_1_72' title='bbox 991 2877 1298 3008; x_wconf 83' lang='lat' dir='ltr'>persustrab03</span> <span class='ocrx_word' id='word_1_73' title='bbox 1324 2884 1485 3009; x_wconf 85' lang='lat' dir='ltr'>postea</span> <span class='ocrx_word' id='word_1_74' title='bbox 1521 2885 1726 3014; x_wconf 74' lang='lat' dir='ltr'>neglesio</span> <span class='ocrx_word' id='word_1_75' title='bbox 1755 2882 1925 2994; x_wconf 81' lang='lat' dir='ltr'>Latio,</span> 
     </span>
     <span class='ocr_line' id='line_1_14' title="bbox 521 3023 1925 3164; baseline 0.003 -36"><span class='ocrx_word' id='word_1_76' title='bbox 521 3033 582 3128; x_wconf 85' lang='lat' dir='ltr'>de</span> <span class='ocrx_word' id='word_1_77' title='bbox 615 3028 867 3154; x_wconf 79' lang='lat' dir='ltr'>quonian,</span> <span class='ocrx_word' id='word_1_78' title='bbox 894 3033 940 3128; x_wconf 87' lang='lat' dir='ltr'>in</span> <span class='ocrx_word' id='word_1_79' title='bbox 971 3023 1257 3138; x_wconf 79' lang='lat' dir='ltr'>Bruttiorum</span> <span class='ocrx_word' id='word_1_80' title='bbox 1289 3059 1447 3164; x_wconf 85' lang='lat' dir='ltr'>agrum</span> <span class='ocrx_word' id='word_1_81' title='bbox 1482 3032 1783 3150; x_wconf 81' lang='lat' dir='ltr'>descendam,</span> <span class='ocrx_word' id='word_1_82' title='bbox 1806 3028 1925 3132; x_wconf 88' lang='lat' dir='ltr'>unde</span> 
     </span>
     <span class='ocr_line' id='line_1_15' title="bbox 519 3172 1899 3326; baseline -0.006 -38"><span class='ocrx_word' id='word_1_83' title='bbox 519 3175 1203 3326; x_wconf 74' lang='lat' dir='ltr'>facii&#39;usinSieiliam&#39;trajesius.</span> <span class='ocrx_word' id='word_1_84' title='bbox 1895 3172 1899 3178; x_wconf 74' lang='grc'><strong>’</strong></span> 
     </span>
    </p>
   </div>
   <div class='ocr_carea' id='block_1_6' title="bbox 698 3359 1915 3797">
    <p class='ocr_par' dir='ltr' id='par_1_7' title="bbox 698 3359 1915 3797">
     <span class='ocr_line' id='line_1_16' title="bbox 862 3359 1601 3606; baseline -0.001 -57"><span class='ocrx_word' id='word_1_85' title='bbox 862 3359 1601 3606; x_wconf 78' lang='lat' dir='ltr'>onmnAN1a</span> 
     </span>
     <span class='ocr_line' id='line_1_17' title="bbox 698 3625 1915 3797; baseline -0.001 -67"><span class='ocrx_word' id='word_1_86' title='bbox 698 3625 1043 3740; x_wconf 78' lang='lat' dir='ltr'><strong>CVME.</strong></span> <span class='ocrx_word' id='word_1_87' title='bbox 1095 3627 1776 3797; x_wconf 14' lang='lat' dir='ltr'><strong>*LITERNVMM</strong></span> <span class='ocrx_word' id='word_1_88' title='bbox 1912 3645 1915 3649; x_wconf 77' lang='grc'><em>’</em></span> 
     </span>
    </p>
   </div>
   <div class='ocr_carea' id='block_1_7' title="bbox 523 3850 1997 4917">
    <p class='ocr_par' dir='ltr' id='par_1_8' title="bbox 523 3850 1997 4436">
     <span class='ocr_line' id='line_1_18' title="bbox 678 3850 1947 3990; baseline 0.006 -38"><span class='ocrx_word' id='word_1_89' title='bbox 678 3850 839 3986; x_wconf 86' lang='lat' dir='ltr'>Caput</span> <span class='ocrx_word' id='word_1_90' title='bbox 871 3853 1104 3986; x_wconf 82' lang='lat' dir='ltr'>Apolliris</span> <span class='ocrx_word' id='word_1_91' title='bbox 1137 3855 1397 3958; x_wconf 87' lang='lat' dir='ltr'>laureatum.</span> <span class='ocrx_word' id='word_1_92' title='bbox 1435 3857 1574 3990; x_wconf 82' lang='lat'><strong>)(··</strong></span> <span class='ocrx_word' id='word_1_93' title='bbox 1604 3885 1695 3960; x_wconf 78' lang='lat' dir='ltr'>nau.</span> <span class='ocrx_word' id='word_1_94' title='bbox 1724 3887 1947 3963; x_wconf 75' lang='lat' dir='ltr'>arnan.-</span> 
     </span>
     <span class='ocr_line' id='line_1_19' title="bbox 528 4003 1978 4132; baseline 0.006 -32"><span class='ocrx_word' id='word_1_95' title='bbox 528 4003 700 4101; x_wconf 88' lang='lat' dir='ltr'>Literis</span> <span class='ocrx_word' id='word_1_96' title='bbox 727 4005 863 4104; x_wconf 86' lang='lat' dir='ltr'>Oscis</span> <span class='ocrx_word' id='word_1_97' title='bbox 891 4011 937 4102; x_wconf 91' lang='lat'>&amp;</span> <span class='ocrx_word' id='word_1_98' title='bbox 973 4009 1265 4132; x_wconf 76' lang='lat' dir='ltr'>retrogradis</span> <span class='ocrx_word' id='word_1_99' title='bbox 1367 4009 1547 4108; x_wconf 84' lang='lat' dir='ltr'>Taurus</span> <span class='ocrx_word' id='word_1_100' title='bbox 1591 4009 1781 4109; x_wconf 88' lang='lat' dir='ltr'>humana</span> <span class='ocrx_word' id='word_1_101' title='bbox 1812 4037 1916 4110; x_wconf 92' lang='lat' dir='ltr'>cor·</span> <span class='ocrx_word' id='word_1_102' title='bbox 1974 4074 1978 4080; x_wconf 91' lang='lat'>-</span> 
     </span>
     <span class='ocr_line' id='line_1_20' title="bbox 523 4153 1997 4286; baseline 0.009 -39"><span class='ocrx_word' id='word_1_103' title='bbox 523 4169 723 4278; x_wconf 81' lang='lat' dir='ltr'>nutuque</span> <span class='ocrx_word' id='word_1_104' title='bbox 750 4153 903 4274; x_wconf 85' lang='lat' dir='ltr'>facie,</span> <span class='ocrx_word' id='word_1_105' title='bbox 940 4156 1297 4286; x_wconf 82' lang='lat' dir='ltr'>supervolitante</span> <span class='ocrx_word' id='word_1_106' title='bbox 1336 4161 1560 4262; x_wconf 78' lang='lat' dir='ltr'>Vision&#39;a:</span> <span class='ocrx_word' id='word_1_107' title='bbox 1583 4163 1699 4258; x_wconf 80' lang='lat' dir='ltr'>intra</span> <span class='ocrx_word' id='word_1_108' title='bbox 1728 4160 1911 4265; x_wconf 83' lang='lat' dir='ltr'>monstri</span> <span class='ocrx_word' id='word_1_109' title='bbox 1990 4195 1997 4208; x_wconf 47' lang='lat'>⁸</span> 
     </span>
     <span class='ocr_line' id='line_1_21' title="bbox 526 4303 1892 4436; baseline 0.009 -33"><span class='ocrx_word' id='word_1_110' title='bbox 526 4303 670 4430; x_wconf 87' lang='lat' dir='ltr'>pedes</span> <span class='ocrx_word' id='word_1_111' title='bbox 704 4305 848 4414; x_wconf 84' lang='lat' dir='ltr'>literae</span> <span class='ocrx_word' id='word_1_112' title='bbox 875 4303 1094 4436; x_wconf 74' lang='lat' dir='ltr'>fugitantes</span> <span class='ocrx_word' id='word_1_113' title='bbox 1132 4339 1228 4412; x_wconf 37' lang='lat' dir='ltr'>nan</span> <span class='ocrx_word' id='word_1_114' title='bbox 1388 4407 1392 4414; x_wconf 86' lang='grc'><strong>,</strong></span> <span class='ocrx_word' id='word_1_115' title='bbox 1747 4410 1754 4424; x_wconf 77' lang='grc'>,</span> <span class='ocrx_word' id='word_1_116' title='bbox 1889 4410 1892 4415; x_wconf 85' lang='grc'><em>,</em></span> 
     </span>
    </p>

    <p class='ocr_par' dir='ltr' id='par_1_9' title="bbox 688 4459 1846 4549">
     <span class='ocr_line' id='line_1_22' title="bbox 688 4459 1846 4549; baseline 0.012 -16"><span class='ocrx_word' id='word_1_117' title='bbox 688 4527 690 4533; x_wconf 90' lang='grc'>.</span> <span class='ocrx_word' id='word_1_118' title='bbox 1635 4459 1846 4549; x_wconf 76' lang='lat' dir='ltr'>Aun.1u.</span> 
     </span>
    </p>

    <p class='ocr_par' dir='ltr' id='par_1_10' title="bbox 526 4614 1905 4917">
     <span class='ocr_line' id='line_1_23' title="bbox 679 4614 1905 4750; baseline 0.007 -36"><span class='ocrx_word' id='word_1_119' title='bbox 679 4615 856 4750; x_wconf 91' lang='lat' dir='ltr'>Primus</span> <span class='ocrx_word' id='word_1_120' title='bbox 893 4614 1140 4720; x_wconf 87' lang='lat' dir='ltr'>Cumarum</span> <span class='ocrx_word' id='word_1_121' title='bbox 1170 4619 1342 4742; x_wconf 89' lang='lat' dir='ltr'>Oscus,</span> <span class='ocrx_word' id='word_1_122' title='bbox 1374 4640 1452 4723; x_wconf 87' lang='lat' dir='ltr'>aut</span> <span class='ocrx_word' id='word_1_123' title='bbox 1486 4624 1518 4724; x_wconf 79' lang='lat' dir='ltr'>sn</span> <span class='ocrx_word' id='word_1_124' title='bbox 1552 4629 1735 4744; x_wconf 83' lang='lat' dir='ltr'>mavis,</span> <span class='ocrx_word' id='word_1_125' title='bbox 1768 4624 1905 4724; x_wconf 78' lang='lat' dir='ltr'>Etnr-</span> 
     </span>
     <span class='ocr_line' id='line_1_24' title="bbox 526 4753 1904 4917; baseline 0.01 -53"><span class='ocrx_word' id='word_1_126' title='bbox 526 4753 629 4892; x_wconf 68' lang='lat' dir='ltr'>&#39;seus</span> <span class='ocrx_word' id='word_1_127' title='bbox 653 4793 808 4867; x_wconf 90' lang='lat' dir='ltr'>numus</span> <span class='ocrx_word' id='word_1_128' title='bbox 827 4772 1021 4867; x_wconf 86' lang='lat' dir='ltr'>innotuit</span> <span class='ocrx_word' id='word_1_129' title='bbox 1044 4804 1072 4871; x_wconf 90' lang='lat' dir='ltr'>e</span> <span class='ocrx_word' id='word_1_130' title='bbox 1097 4773 1253 4872; x_wconf 90' lang='lat' dir='ltr'>museo</span> <span class='ocrx_word' id='word_1_131' title='bbox 1277 4774 1528 4876; x_wconf 76' lang='lat' dir='ltr'>Pellerinii&#39;</span> <span class='ocrx_word' id='word_1_132' title='bbox 1558 4765 1631 4917; x_wconf 83' lang='lat' dir='ltr'>d)</span> <span class='ocrx_word' id='word_1_133' title='bbox 1678 4777 1795 4882; x_wconf 87' lang='lat' dir='ltr'>Non</span> <span class='ocrx_word' id='word_1_134' title='bbox 1824 4774 1904 4878; x_wconf 89' lang='lat' dir='ltr'>ab·</span> 
     </span>
    </p>
   </div>
   <div class='ocr_carea' id='block_1_8' title="bbox 1077 4920 1920 5090">
    <p class='ocr_par' dir='ltr' id='par_1_11' title="bbox 1077 4920 1920 5090">
     <span class='ocr_line' id='line_1_25' title="bbox 1077 4920 1920 5090; baseline 0.005 -68"><span class='ocrx_word' id='word_1_135' title='bbox 1077 4920 1240 5066; x_wconf 26' lang='lat' dir='ltr'>Ag,</span> <span class='ocrx_word' id='word_1_136' title='bbox 1351 5001 1358 5016; x_wconf 93' lang='lat'><strong>.</strong></span> <span class='ocrx_word' id='word_1_137' title='bbox 1778 4929 1920 5090; x_wconf 80' lang='lat' dir='ltr'>s1· </span> 
     </span>
    </p>
   </div>
   <div class='ocr_carea' id='block_1_9' title="bbox 586 5141 1214 5258">
    <p class='ocr_par' dir='ltr' id='par_1_12' title="bbox 586 5141 1214 5258">
     <span class='ocr_line' id='line_1_26' title="bbox 586 5141 1214 5258; baseline 0.022 -30"><span class='ocrx_word' id='word_1_138' title='bbox 586 5141 631 5248; x_wconf 84' lang='lat' dir='ltr'>d)</span> <span class='ocrx_word' id='word_1_139' title='bbox 662 5151 755 5236; x_wconf 73' lang='lat' dir='ltr'>Rau.</span> <span class='ocrx_word' id='word_1_140' title='bbox 779 5171 818 5234; x_wconf 79' lang='lat' dir='ltr'>a.</span> <span class='ocrx_word' id='word_1_141' title='bbox 849 5173 881 5238; x_wconf 88' lang='lat'>1.</span> <span class='ocrx_word' id='word_1_142' title='bbox 900 5157 947 5258; x_wconf 89' lang='lat' dir='ltr'>pi.</span> <span class='ocrx_word' id='word_1_143' title='bbox 965 5175 1070 5243; x_wconf 83' lang='lat' dir='ltr'>vus.</span> <span class='ocrx_word' id='word_1_144' title='bbox 1094 5181 1127 5234; x_wconf 86' lang='lat' dir='ltr'>n.</span> <span class='ocrx_word' id='word_1_145' title='bbox 1147 5172 1214 5253; x_wconf 82' lang='lat'>25.</span> 
     </span>
    </p>
   </div>
   <div class='ocr_carea' id='block_1_10' title="bbox 0 0 2630 6500">
    <p class='ocr_par' dir='ltr' id='par_1_13' title="bbox 0 0 2630 6500">
     <span class='ocr_line' id='line_1_27' title="bbox 0 0 2630 6500; baseline 0 0"><span class='ocrx_word' id='word_1_146' title='bbox 0 0 2630 6500; x_wconf 95' lang='lat' dir='ltr'> </span> 
     </span>
    </p>
   </div>
  </div>
 </body>
</html>
