5242 6509
998 1019 1576 1116 avroenna
1820 1033 1933 1137 η]

926 1266 1567 1391 anonrn.
1953 1212 2192 1357 ffi-

2043 1388 2133 1467 vn.

2000 1494 2060 1587 N.
2094 1504 2133 1590 6.

796 1564 1667 1677 LACEDAEMort

694 1962 863 2038 nrxna
905 1931 1060 2063 Caput
1107 1929 1323 2031 imberbe.
1373 1924 1542 2059 )(nn.
1571 1930 1621 2023 dt
1656 1926 1761 2027 duae
1793 1924 1925 2057 figlae

539 2083 694 2213 Oaput
722 2084 941 2189 muliebre
959 2084 1205 2185 detritum:
1237 2086 1389 2183 omnia
1416 2088 1530 2180 iutra
1557 2101 1791 2177 coronam.

1658 2266 1777 2348 AER.
1806 2268 1861 2349 11.

688 2553 831 2656 Haud
867 2561 1087 2689 exiguam
1111 2553 1217 2656 inde
1256 2552 1439 2657 laudern
1469 2554 1713 2685 Spartiatae
1746 2577 1919 2651 meren·

534 2727 636 2831 tur,
666 2708 795 2832 quod
820 2716 988 2803 civium
1033 2706 1092 2804 de
1126 2710 1272 2835 patria
1302 2705 1418 2806 bene
1452 2712 1719 2807 meritorum
1745 2731 1918 2801 memo·

531 2864 642 2958 riam
671 2863 717 2955 in
748 2852 928 2985 publica
948 2875 1134 2981 ¹moneta
1170 2862 1507 2959 renovaverint.
1586 2860 1799 2985 Lycurgi
1834 2882 1918 2951 no-

530 3040 635 3109 nren
669 3008 937 3134 vultumque
959 2996 1217 3108 ‘centiesin
1254 3012 1475 3139 Spartana
1510 3016 1702 3139 pecunia
1733 3003 1916 3105 videris.
2063 3026 2070 3033 ·

528 3165 668 3264 Nunc
703 3167 750 3259 dt
783 3161 975 3263 Licham
1014 3180 1217 3305 tenemus
1244 3164 1471 3259 Pausaniae
1503 3159 1556 3275 a)
1586 3189 1643 3257 ac
1659 3156 1915 3257 Herodoto

527 3313 580 3433 a)
612 3313 922 3433 celebratum,
949 3316 1029 3439 qui
1056 3338 1223 3441 magno
1252 3312 1330 3405 suo
1358 3309 1635 3438 periculo&
1661 3310 1774 3404 mira
1793 3306 1917 3435 saga·

525 3472 665 3565 ritate
692 3465 866 3566 Orellis
895 3461 990 3563 offa
1022 3465 1067 3559 in
1102 3464 1298 3590 patriam
1321 3460 1503 3583 retulit,
1533 3491 1563 3560 e
1588 3457 1751 3587 quibus
1765 3462 1914 3559 Lace·

406 3721 412 3743 Ι
520 3614 746 3725 daemonis
774 3614 1038 3741 Tegeaeque
1072 3610 1294 3713 Arcadia
1311 3611 1453 3714 satum
1467 3601 1709 3744 pependit.
1785 3612 1914 3712 Rem
1989 3734 1993 3741 ¹

523 3790 705 3858 ornnem
728 3761 964 3860 Herodoti
990 3764 1147 3863 verbis
1167 3762 1364 3864 narrabo
1413 3766 1491 3862 sed
1529 3765 1676 3862 latinis
1709 3780 1912 3884 tanturn,

231 4026 234 4033 Ι
525 3910 632 4030 quia
654 3905 787 4005 locus
821 3912 1066 4039 prolixior.
1106 3987 1138 4034 „
1172 3911 1293 4012 Cum
1324 3914 1503 4043 semper
1534 3919 1578 4010 in
1611 3910 1736 4013 bello
1761 3940 1789 4011 a
1818 3910 1937 4037 Te·=

346 4150 357 4169 ,
523 4062 669 4182 geatis
703 4058 1035 4185 superarentur,
1067 4054 1490 4195 (Lacedaemonii)
1528 4066 1662 4165 millis
1695 4060 1911 4195 Delphos

523 4208 856 4307 consultoribus
888 4213 1124 4314 oraculum
1149 4215 1248 4313 sunt
1275 4217 1505 4338 sciscitati,
1526 4246 1769 4345 quemnam
1797 4216 1908 4345 deo-
2106 4336 2112 4339 -
2243 4210 2255 4231 ’

530 4384 630 4453 rum
666 4358 928 4487 placarent,
980 4382 1031 4463 ut
1066 4364 1374 4497 Tegeatarum
1411 4374 1609 4471 nidores
1648 4371 1906 4470 existerent.

430 4644 432 4649 Ι
528 4508 619 4607 His
637 4510 807 4661 Pythia
823 4513 1083 4647 respondit,
1105 4518 1153 4618 id
1170 4516 1346 4644 fore,s1
1372 4519 1466 4624 olla
1483 4522 1659 4620 Orestis
1682 4520 1761 4617 lilii
1778 4522 1906 4645 Aga·
2014 4633 2017 4643 y

1125 4668 1225 4801 Gg
1266 4670 1295 4797 2
1688 4699 1827 4770 mern·

515 4974 1057 5003 -n-—u--n—-n-

506 5060 518 5081 '
577 5063 780 5170 vincon.
798 5016 833 5169 p.
855 5086 950 5153 210.
1007 5064 1051 5173 a)
1081 5048 1645 5177 tru.'1.p.26.Eu.Gron0v.
1755 5125 1759 5134 »
